2089 3171
73 731 96 750 10

71 1510 95 1528 25

71 1768 95 1787 ³0

68 2027 93 2046 ³5

70 2288 94 2305 40

70 2548 92 2566 4³

719 169 868 195 ALCVINI
889 168 1096 194 ErlsTotAE.
1137 170 1174 195 15.
1736 173 1769 200 41

121 257 300 289 dilectionis
334 262 408 287 tuac
439 268 496 298 per
532 258 659 298 singula
696 267 778 298 pene
810 259 975 286 momenta
1007 256 1180 297 pascebar„
1218 256 1347 286 felicem
1386 256 1564 286 aestimans
1597 267 1664 287 mc.
1701 256 1774 286 dum

122 309 344 340 sanctissimae
369 309 522 339 orationis
549 309 724 339 munimine
751 308 927 338 secundum
954 308 1202 349 promissionem
1228 312 1367 338 vestram
1394 308 1491 338 fruar.

226 361 268 390 At
293 370 378 391 nune
398 361 537 390 maxime
556 359 686 390 assidua
706 370 838 401 precum
857 364 1036 390 vestrarum
1055 360 1255 400 protectione
1280 359 1395 389 muniri
1415 359 1552 399 indigeo.
1579 359 1653 389 dum
1672 360 1772 389 flucti-

123 413 192 453 vagi
218 412 314 442 maris
339 412 496 442 incertum
522 412 583 442 iter
599 415 760 452 temptare
784 411 982 452 conpellar-¹.
1008 414 1042 440 ut
1059 411 1169 441 divina
1187 411 1360 442 clementia
1385 421 1434 440 me
1460 411 1500 441 ad
1519 416 1643 452 portum
1662 411 1776 441 salutis

122 463 297 506 perducere
332 463 499 504 dignetur,
530 467 626 504 atque
660 464 775 493 vestris
806 463 922 493 iterum
952 463 1183 504 conspectibus
1214 463 1414 503 gaudentem
1444 462 1572 493 adstare
1603 462 1775 493 condonet.

225 515 288 546 Sed
313 526 388 556 rogo
415 516 607 557 suppliciter
630 520 673 546 te.
698 514 769 545 Deo
795 514 1005 545 devotissima
1031 515 1136 555 virgo.
1162 525 1201 545 nc
1227 525 1322 545 aures
1347 514 1540 555 prudentiae
1566 518 1639 545 tuae
1665 515 1776 555 apices

121 567 323 608 insipientiae
342 577 433 598 meae
452 566 658 598 offendant²:
687 570 719 597 et
736 566 821 608 quod
848 577 897 596 me
922 566 1054 597 dilectio
1073 577 1147 597 vcra
1173 567 1315 597 scribere
1339 567 1536 601 ammoneth,
1562 570 1592 597 te
1614 567 1777 597 humilitas

121 623 233 650 saneta
257 618 371 650 doceat
388 619 576 660 perlegere:
602 629 660 649 nec
679 619 789 649 stilum
808 629 915 649 meum
933 619 1230 660 praesumptiosum
1248 621 1353 660 putes7
1380 618 1559 648 officiosum
1579 629 1776 659 agnoscens:

122 675 154 702 ct
178 681 271 712 quem
296 671 327 701 in
353 670 423 701 Deo
448 670 562 712 diligit,
588 675 825 701 ammonentem
851 671 980 712 accipit.

225 722 331 752 Primo
357 723 498 753 omnium
527 726 558 754 te
583 722 623 753 de
649 722 709 753 Dei
735 723 869 753 caritate
896 732 1083 753 ammoneo:
1111 725 1143 753 et
1161 722 1363 752 nobilitatem
1382 722 1533 763 imaginis
1558 722 1643 752 illius
1668 733 1776 753 serva:

122 778 154 806 et
179 774 268 805 cuius
294 774 353 804 viri
378 785 498 816 sponsa
523 785 596 806 esse
623 775 778 816 coepisti,
812 784 940 815 semper
965 784 1155 805 rememora.
1202 773 1336 804 Inclitus
1363 778 1412 804 est
1436 773 1531 804 valde
1561 777 1593 804 et
1617 773 1776 814 gloriosus

121 837 258 868 sponsus
283 829 368 861 tuus.
394 827 447 867 qui
471 827 570 857 alium
596 830 743 857 ornatum
770 826 801 856 in
826 829 857 856 te
884 836 946 856 non
972 825 1109 866 quaerit,
1135 826 1196 856 nisi
1215 826 1415 867 spiritalem:
1440 836 1504 856 non
1522 829 1622 856 tortas
1641 825 1775 855 crinium

119 878 338 919 alligationes,
374 878 431 909 sed
468 882 572 909 rectas
607 888 732 908 morum
769 878 927 909 bonorum
964 877 1218 918 conligationes:
1259 888 1318 908 nee
1355 878 1621 908 vestimentorum
1658 887 1776 907 vanum

123 930 265 961 exterius
295 930 449 961 nitorem.
484 930 541 961 sed
572 931 755 961 sanctitatis
788 934 820 961 ct
854 930 1066 960 castimoniae
1098 929 1241 960 nobilem
1267 930 1403 960 interius
1429 929 1653 971 splendorem:
1688 939 1776 960 cave.

85 993 94 1009 v,
123 993 162 1013 ne
187 981 327 1023 aliquidc
351 982 382 1012 in
408 986 439 1013 te
465 982 619 1019 inveniat.
646 982 730 1023 quod
756 982 865 1012 oculos
892 981 976 1012 illius
1002 981 1164 1012 offendat:
1198 986 1230 1012 et
1256 982 1282 1012 si
1307 981 1424 1012 forsan.
1449 985 1485 1011 ut
1510 981 1592 1011 solet
1617 981 1777 1011 humanae

121 1034 306 1075 fragilitatis
340 1034 480 1065 conditio
516 1036 648 1068 afferre.
684 1035 823 1075 aliquam
860 1034 1090 1075 neglegentiae
1121 1034 1281 1064 maculam
1319 1033 1349 1063 in
1386 1036 1417 1063 te
1451 1033 1611 1073 malignus
1644 1033 1776 1074 spiritus

122 1086 248 1127 infigat.
281 1087 375 1117 citius
400 1087 622 1128 paenitentiae
647 1087 790 1117 lacrimis
816 1086 951 1117 abluere
978 1090 1156 1116 memento.
1189 1096 1228 1115 nc
1260 1085 1313 1115 diu
1340 1085 1409 1115 sine
1434 1085 1545 1126 sponsi
1571 1085 1617 1115 tui
1642 1095 1775 1115 maneas

121 1139 288 1182 amplesu.
321 1139 499 1179 promptior
528 1143 579 1170 est
611 1142 641 1169 te
668 1138 814 1180 recipere
845 1148 941 1179 quam
966 1138 1136 1168 amittere:
1168 1140 1294 1167 tantum
1325 1147 1364 1167 ne
1389 1136 1570 1167 tardaveris
1602 1136 1642 1167 de
1668 1136 1719 1167 die
1744 1137 1774 1166 in

122 1190 206 1221 diem
231 1191 348 1221 reverti
372 1190 411 1221 ad
436 1191 537 1223 illum.
585 1190 678 1221 Haec
703 1190 788 1221 enim
814 1189 877 1220 duo
903 1190 988 1220 mala
1005 1189 1147 1219 maxime
1172 1188 1240 1219 odit
1263 1189 1294 1219 in
1314 1188 1509 1219 hominibus.
1534 1188 1775 1229 neglegentiam

125 1242 320 1277 revertendi.
351 1247 383 1274 et
413 1243 675 1284 desperationem
708 1242 873 1273 salvantis.
919 1241 1061 1272 Tantum
1092 1241 1173 1271 haec
1205 1240 1311 1271 absint
1335 1251 1353 1271 a
1378 1240 1631 1281 cogitationibus
1664 1241 1776 1282 procul

122 1293 256 1329 nostris.
295 1298 327 1325 et
356 1295 410 1326 ille
442 1301 518 1326 tunc
551 1295 666 1326 animis
698 1305 798 1336 prope
831 1294 891 1324 erit
923 1293 1050 1324 nostris.
1112 1292 1190 1323 Ideo
1221 1292 1319 1323 habet
1350 1303 1465 1323 nomen
1502 1291 1668 1323 Salvator.
1703 1293 1777 1334 qnia

123 1355 250 1387 semper
270 1346 374 1377 salvat
399 1349 431 1377 et
448 1347 575 1377 salvare
593 1347 692 1388 cupit.
718 1346 801 1376 sicut
820 1345 974 1387 scriptum
993 1348 1058 1376 est:
1086 1343 1159 1379 *Qui
1178 1345 1245 1374 vult
1263 1355 1375 1375 omnes
1394 1344 1540 1375 homines
1561 1345 1668 1375 salvos
1687 1344 1778 1376 fieri'.

224 1397 298 1428 Noli
331 1397 371 1429 de
396 1402 525 1429 terrena
549 1398 720 1429 nobilitate
744 1398 892 1438 gloriari.
929 1397 987 1428 sed
1009 1397 1140 1439 ‘gratias
1175 1407 1235 1437 age
1261 1397 1306 1427 ci.
1341 1395 1416 1437 quid
1445 1396 1520 1427 dum
1551 1400 1582 1427 tc
1613 1396 1776 1427 hominem

123 1459 194 1479 esse
219 1449 331 1484 voluit.
357 1453 422 1480 tam
449 1450 606 1481 sublimes
631 1453 663 1481 ct
688 1449 790 1480 claros
816 1449 873 1480 tibi
898 1449 1092 1490 perdonavit
1116 1452 1280 1490 parentes.
1304 1459 1439 1490 quorum
1466 1449 1689 1479 nobilitateme
1714 1459 1777 1479 non

123 1501 291 1542 superbia.
322 1502 379 1534 sed
404 1502 588 1534 humilitate
614 1513 828 1545 prosequere:
861 1506 893 1532 et
917 1502 1056 1533 maxime
1082 1502 1113 1532 in
1137 1511 1174 1532 eo
1199 1500 1323 1541 gaude,
1357 1501 1431 1542 quia
1456 1501 1590 1532 alterius
1617 1501 1718 1531 noluit
1746 1504 1776 1531 te

121 1564 193 1584 esse
226 1564 398 1595 sponsam.
431 1555 463 1585 ni
495 1565 596 1585 suam.
653 1554 745 1589 Quae
780 1553 836 1584 tibi
867 1554 970 1584 maior
1003 1564 1076 1584 esse
1105 1553 1209 1594 gloria
1237 1553 1356 1594 poterit
1384 1553 1435 1584 vel
1465 1553 1632 1584 sublimior
1666 1553 1776 1584 honor.

124 1615 219 1646 quam
244 1605 313 1637 eius
339 1607 426 1648 regis
452 1618 524 1639 esse
549 1618 716 1649 sponsam.
749 1607 801 1648 qui
827 1616 924 1648 super
949 1616 1060 1636 omnes
1086 1616 1180 1646 reges
1206 1608 1268 1635 est:
1298 1608 1330 1635 et
1355 1608 1475 1646 quanto
1502 1605 1555 1636 ille
1582 1605 1776 1636 sublimioris

123 1661 173 1688 est
197 1659 362 1699 potentiae
387 1659 417 1689 in
444 1660 572 1697 virtute,
598 1663 686 1690 tanto
712 1663 745 1689 tu
770 1659 900 1689 maioris
926 1662 995 1688 esto
1020 1657 1210 1698 diligentiae
1235 1658 1266 1687 in
1292 1657 1482 1688 sanctitate:
1519 1657 1676 1688 sanctitas
1703 1668 1777 1688 vero

122 1709 153 1739 in
178 1709 321 1741 iustitiae
345 1711 498 1752 operibus
530 1711 683 1742 constatf.
717 1711 839 1742 institia
864 1721 939 1741 vero
965 1710 1090 1741 duobus
1116 1709 1219 1740 modis
1246 1710 1412 1751 impletur.
1447 1710 1505 1740 hoc
1532 1717 1598 1741 est.
1636 1714 1668 1740 ut
1695 1721 1776 1751 quae

122 1760 283 1801 prohibita
308 1766 381 1792 sunt
405 1773 424 1793 a
448 1762 536 1800 Deo,
568 1773 631 1793 non
657 1763 828 1794 faciamus.
860 1767 891 1792 et
916 1772 998 1803 quae
1025 1762 1112 1804 iussa
1137 1766 1210 1792 sunt
1235 1761 1274 1792 ab
1300 1772 1354 1794 eo.
1389 1762 1561 1792 faciamus.
1587 1762 1677 1792 iuxta
1702 1772 1774 1802 pro-

120 1811 266 1853 phetam:
298 1813 465 1845 *Divertess
489 1826 507 1845 a
532 1815 616 1846 malo
642 1819 674 1846 et
698 1814 748 1845 fac
772 1813 912 1845 bonum'.
960 1813 1010 1844 De
1043 1813 1158 1854 quibus
1185 1818 1312 1844 vestrae
1343 1814 1521 1855 sapientiae
1554 1825 1604 1844 mc
1636 1813 1775 1844 seribere

120 1874 356 1906 supervacuum
382 1867 534 1897 aestimo.
571 1867 645 1908 quia
671 1867 701 1897 in
726 1866 871 1907 utrisque
903 1866 943 1896 ab
976 1866 1105 1907 optimis
1137 1877 1173 1896 ac
1200 1866 1409 1897 nobilissimis
1435 1866 1598 1907 magistris
1631 1877 1649 1896 a
1674 1866 1775 1907 prima

120 1920 226 1948 aetate
251 1918 471 1950 abundantius
497 1920 610 1950 inbuta
635 1931 679 1950 es.
706 1924 737 1949 et
762 1919 930 1949 excellens
961 1918 1173 1959 naturaleque
1206 1918 1304 1948 animi
1330 1919 1375 1948 tui
1402 1919 1568 1959 ingenium
1599 1925 1629 1948 te
1656 1918 1774 1959 ubique

121 1967 234 2000 docet:
270 1970 401 2012 insuper
438 1972 542 2002 omnis
579 1976 765 2002 sanctorum
797 1970 952 2001 librorum
984 1970 1085 2001 series
1121 1970 1180 2001 hoe
1212 1971 1352 2001 maxime
1384 1970 1516 2000 auribus
1550 1971 1611 2000 tuis
1645 1970 1775 2000 indicat.

121 2020 236 2052 iterum
261 2022 443 2064 iterumque
468 2024 615 2065 replicat.
641 2023 716 2064 quid
741 2023 783 2053 sit
808 2023 893 2053 omni
920 2023 1041 2053 homini
1067 2022 1246 2053 cavendum
1273 2022 1322 2052 vel
1348 2022 1558 2064 sequendum.
1584 2023 1614 2052 in
1640 2033 1775 2063 qnorum

120 2072 258 2105 lectione
288 2077 320 2105 te
353 2075 456 2116 ipsam
488 2087 622 2109 exerce.
660 2076 735 2116 quia
767 2086 823 2116 per
848 2075 920 2105 illos
946 2074 1003 2105 tibi
1030 2075 1171 2115 loquitur
1195 2075 1264 2116 ipse
1290 2074 1379 2105 Deus
1413 2078 1444 2105 et
1470 2074 1629 2105 Dominus
1655 2078 1775 2105 noster.

120 2128 152 2155 et
176 2126 228 2167 pic
253 2127 427 2158 voluntatis
453 2127 512 2158 tibi
537 2127 740 2158 demonstrat
765 2128 928 2158 effectum.
976 2126 1187 2168 Recognosce
1214 2130 1244 2157 et
1270 2127 1394 2167 cogita.
1427 2126 1512 2168 quali
1538 2126 1659 2157 honore
1685 2126 1776 2157 nobis

120 2176 204 2207 illius
230 2178 349 2218 legatio
375 2179 417 2209 sit
441 2179 659 2210 aestimanda:
685 2179 768 2214 Quid
795 2180 819 2209 si
847 2190 864 2209 a
891 2178 989 2219 rege2
1014 2178 1135 2219 legatio
1161 2183 1193 2209 ct
1218 2178 1377 2209 indiculus
1403 2179 1442 2209 ad
1469 2182 1498 2208 tc
1526 2179 1649 2210 veniet.
1683 2189 1775 2208 num-

121 2229 196 2270 quid
229 2240 291 2260 non
325 2241 400 2261 mox
429 2231 501 2262 aliis
532 2233 615 2262 euris
645 2231 856 2273 postpositis¹¹
889 2235 1037 2272 prompta
1067 2235 1099 2261 et
1131 2241 1202 2261 cum
1239 2231 1325 2261 omni
1350 2231 1524 2262 devotione
1555 2231 1624 2261 eius
1650 2231 1775 2261 litteras

122 2281 242 2322 accipis
275 2287 306 2313 ct
336 2283 432 2323 legis,
470 2287 502 2314 et
532 2283 666 2325 implere
692 2287 845 2324 satages?
896 2283 978 2313 Ecce
1010 2283 1050 2313 de
1080 2283 1171 2314 caclo
1205 2294 1262 2313 rcx
1289 2293 1416 2323 regum.
1450 2283 1546 2313 immo
1579 2288 1610 2313 et
1640 2293 1775 2323 sponsus

121 2336 210 2368 tuus,
236 2344 293 2374 pcr
317 2335 511 2375 prophetas.
537 2336 701 2376 apostolos
727 2340 759 2366 et
783 2335 931 2365 doctores
957 2335 1032 2369 tibi.
1059 2346 1076 2363 o
1103 2335 1204 2375 virgo.
1230 2334 1382 2375 dignatus
1409 2338 1458 2365 est
1483 2334 1624 2375 dirigere
1651 2334 1775 2365 litteras

120 2394 209 2418 suas,
243 2396 304 2416 non
335 2390 370 2417 ut
399 2387 531 2428 aliquod
561 2388 728 2418 servitium
759 2388 819 2418 sibi
854 2388 1072 2418 necessarium
1105 2387 1349 2422 demandasset,
1381 2386 1437 2417 sed
1464 2398 1544 2427 quae
1571 2386 1611 2417 ad
1637 2387 1774 2416 salutem

120 2442 152 2467 ct
187 2437 320 2477 gloriam
354 2439 411 2470 tibi
442 2441 628 2471 necessaria
667 2440 791 2471 sciebat
835 2452 909 2470 esse
954 2440 1160 2470 innotuisset.
1218 2439 1342 2469 Harum
1380 2445 1410 2468 te
1447 2439 1624 2469 litterarum
1663 2438 1774 2468 sedula

121 2489 241 2520 reficiat
267 2491 376 2521 lectio.
411 2492 486 2532 quia
512 2492 541 2521 in
567 2491 629 2522 illis
654 2492 842 2532 agnoscitur
866 2491 972 2521 Deus.
1002 2492 1032 2521 in
1051 2491 1222 2522 illis¹vitae
1249 2494 1401 2521 aeternae
1427 2490 1529 2528 gloria
1554 2489 1774 2520 adnuntiatur.

122 2540 152 2570 in
179 2541 241 2571 illis
266 2542 340 2583 quid
367 2543 511 2582 eredere,
537 2543 613 2584 quid
639 2554 782 2584 sperare.
808 2543 883 2584 qnid
909 2553 1028 2573 amare.
1057 2543 1105 2573 vel
1132 2542 1206 2583 quid
1232 2542 1344 2583 fugere
1371 2542 1556 2572 debr-amus.
1584 2541 1776 2573 ostenditur.

226 2681 263 2706 lf).
309 2686 333 2710 θ’)
348 2683 457 2707 oll'cudat
478 2683 512 2706 ll.
586 2683 688 2712 1’Ᾰςιιίιιι
711 2683 745 2706 ll.
818 2687 839 2704 θη
855 2682 944 2713 aliquit
960 2682 995 2706 ll.
1066 2680 1090 2713 d)
1110 2683 1171 2714 quia
1196 2682 1230 2705 ll.
1303 2686 1324 2707 [ἣν
1347 2681 1477 2704 nobilitate
1500 2681 1532 2705 ΙΙ.
1605 2679 1626 2711 f)
1646 2686 1727 2705 cosmi
1745 2681 1775 2704 ll.

119 2728 144 2755 fl)
165 2725 273 2749 Uererte
296 2725 328 2749 ΙΙ.
402 2725 426 2750 ¹¹!
447 2732 502 2757 post
525 2726 554 2749 ll
570 2736 629 2757 (ltro
650 2727 803 2758 postpositis,
825 2726 850 2749 ίιι
864 2728 919 2757 sine
938 2726 1046 2749 iterstcsl.

225 2795 247 2825 1)
265 2793 297 2818 (Ic
316 2794 412 2824 saturo
432 2794 540 2819 Aletini
560 2793 643 2819 redita
662 2802 694 2819 ca*
713 2794 812 2826 Αιιμίιίι
833 2793 860 2818 ia
884 2793 1002 2819 Galliam
1021 2793 1084 2818 lmcc
1105 2792 1273 2825 intcllcycnda
1291 2794 1363 2817 sant.
1404 2803 1408 2807 ¹
1470 2794 1496 2819 2>
1518 2791 1619 2816 Carula.

222 2843 370 2871 Evaunum
390 2845 435 2870 iv.
1551 2842 1567 2867 6

1789 257 1849 285 793

1791 1356 1806 1373 1.
1817 1354 1863 1374 Tim
1888 1356 1905 1374 ’Δ
1922 1355 1941 1373 4.

1789 1825 1845 1845 luat.
1862 1828 1893 1849 ³3,
1911 1828 1941 1846 15.
