2089 3171
53 735 76 753 10

54 994 76 1012 15

55 1251 79 1271 21)

58 1775 82 1793 ³0

61 2034 85 2053 ³5

62 2297 86 2315 40

63 2655 86 2673 ⁴5

693 164 835 190 schVINl
858 163 1064 188 El‘ls'roLAE.
1103 163 1143 188 23.
1709 164 1743 191 (il

97 255 204 285 funem
230 252 431 288 trahentesl„
457 251 513 281 sed
539 252 698 292 triplicem
718 251 863 281 caritatis
882 250 1003 281 Christi
1025 249 1211 279 resticulum
1231 249 1408 280 trahentes
1435 248 1506 289 qui²¹
1524 248 1749 289 exploratores
1761 258 1787 277 c.
1807 247 1866 276 792³»

98 307 173 337 lesu
190 305 301 335 Nave¹'
325 303 364 334 de
390 304 533 345 peritura
551 303 685 334 Hierico
705 303 856 334 salvavit:
881 302 920 333 de
940 302 1030 332 cuius
1048 301 1231 342 perditione
1251 312 1307 331 nos
1327 301 1450 342 pariter
1476 300 1611 341 fugere‘
1632 300 1750 331 festine
1764 307 1795 325 lm*
1812 310 1831 326 ι’.
1851 308 1881 325 15·-

100 357 285 399 suppliciter
302 355 465 388 exhortor,
492 358 523 385 et
541 355 617 385 nihil
639 354 678 385 de
696 354 903 385 anathemate
922 354 1007 384 illius
1026 353 1224 383 desiderare.
1262 353 1343 383 Nam
1362 352 1513 393 quicquid
1532 352 1751 382 doctrinarum

100 414 191 440 extra
215 408 435 439 ecclesiastice
460 407 534 437 fidei
561 410 593 437 et
618 406 818 448 apostolicae
844 405 1010 436 doctrinae
1036 404 1167 435 murosd
1195 405 1370 435 invenitur.
1405 404 1653 435 Hierichontinc
1679 413 1751 444 per-

100 461 228 492 ditionis
252 460 472 491 anathemat?
498 459 689 490 tradendum
715 463 775 489 cst.
823 458 1046 499 Quapropter.
1081 457 1251 487 karissime
1277 457 1392 487 frater.
1422 460 1453 487 te
1479 467 1537 497 per
1562 456 1751 496 sanguinem

100 513 210 545 salutis
242 516 370 542 nostrae
406 511 571 542 humiliter
601 511 750 542 obsecro.
784 514 818 539 ut
850 520 966 539 caveas
996 508 1183 549 diligenter.
1216 519 1256 539 ne
1286 508 1361 550 quid
1391 508 1475 549 apud
1506 512 1536 538 te
1563 508 1875 538 exuvia1·11n11·›÷.⁷.·:1

100 565 243 608 perditae
276 564 416 594 civitatis
447 563 645 600 inveniatur7
678 573 717 593 ne
743 572 816 603 pars
842 561 949 603 populi
974 561 1033 591 Dci
1060 564 1192 602 propter
1216 560 1442 602 inprobitatem
1478 560 1575 590 unius
1601 559 1751 593 hominisq

100 618 174 648 licet
211 617 252 647 sit
288 615 327 646 de
363 616 449 646 tribu
485 614 582 650 Iuda,
618 615 747 655 fugiens
783 614 906 655 proelia
937 613 1081 647 Domini,
1121 616 1152 643 et
1188 613 1309 643 corruit
1345 622 1452 642 coram
1490 612 1636 642 hostibus
1675 611 1753 641 suis.

101 668 284 709 Recolligef
312 671 343 698 te
371 668 476 708 ipsum
510 678 582 698 cum
614 666 769 697 consociis
802 666 864 696 tuis
896 666 926 695 in
957 670 1063 695 castra
1093 665 1179 705 regis
1205 665 1355 706 superni,
1391 668 1423 694 et
1457 664 1482 694 si
1517 663 1635 694 alicubi
1665 664 1756 704 lapso

103 721 185 763 pede
203 719 361 755 titubasti,
386 720 525 750 reforma
543 730 700 760 gressum,
727 721 758 748 et
783 721 832 748 sta
857 718 888 747 in
914 717 1016 758 gradu
1042 721 1107 753 tuo,
1134 720 1166 747 et
1183 716 1310 747 fortiter
1327 717 1487 758 proeliare
1507 716 1592 746 bella
1610 715 1755 745 Domini.
1768 724 1822 743 nan.
1841 726 1871 743 ιο,
1891 725 1920 743 11.

100 773 183 804 Ecce
207 772 300 803 Iesus
325 772 412 802 levat
437 771 587 812 clypeum
613 775 688 802 ante
713 773 756 801 te.
792 769 974 800 Revertere
1001 773 1032 800 et
1056 772 1294 811 persequentes
1320 773 1351 799 te.
1377 769 1487 799 hostes
1506 767 1669 798 trucidare
1695 778 1756 797 non

100 825 224 863 desine,
252 823 354 854 donec
380 822 419 854 ad
444 823 585 864 palmam
610 823 766 853 victoriae
792 822 975 864 pervenias.

202 876 274 907 Non
306 879 356 907 est
385 875 565 913 hereticus⁷
600 875 662 905 nisi
695 886 735 906 ex
766 874 983 906 contentione.
1033 873 1108 904 Noli
1140 872 1337 904 contendere
1367 873 1502 910 frustra‚·
1540 873 1641 902 claret
1673 872 1757 903 enim

102 928 288 970 evangeliea
321 938 378 969 per
413 931 516 958 totum
553 927 664 957 orbem
695 926 855 957 doctrina:
894 926 975 957 hanc
1007 926 1213 956 unianimiter
1244 929 1413 956 teneamus
1439 928 1471 955 et
1495 924 1636 955 fideliter
1661 934 1756 966 prae-

104 981 256 1013 dicemus.
303 979 387 1015 Quid
412 990 469 1009 nos
494 979 681 1009 homunculi
706 979 737 1009 in
762 978 824 1009 fine
851 978 984 1013 seeuli2,
1009 978 1244 1018 refrigescente
1271 978 1404 1008 caritate
1430 977 1615 1015 multorum,
1642 976 1759 1007 melius
1771 988 1922 1009 >maim-12

103 1033 287 1073 excogitare
312 1031 501 1073 poterimus,
527 1041 623 1072 quam
649 1034 684 1061 ut
708 1034 776 1061 tota
800 1031 896 1061 animi
923 1030 1101 1061 intentione
1127 1031 1338 1071 apostolicam
1364 1034 1396 1059 et
1421 1028 1646 1069 evangelicam
1673 1028 1759 1058 omni

103 1085 176 1116 fidei
206 1084 357 1115 firmitate
390 1087 422 1114 et
446 1083 582 1114 veritate
608 1093 784 1124 sequamur
808 1082 1005 1114 doctrinam.
1042 1093 1104 1113 non
1135 1092 1219 1113 nova
1248 1082 1410 1123 fingentes
1436 1081 1580 1114 nomina.
1617 1091 1681 1111 non
1712 1081 1760 1110 in-

103 1143 290 1168 consuetum
320 1135 396 1177 quid
426 1136 647 1177 proferentes,
686 1145 748 1165 non
780 1135 899 1165 nomini
930 1138 1040 1165 nostro
1080 1145 1138 1176 per
1173 1134 1351 1164 novitatem
1384 1133 1559 1164 cuiuslibet
1594 1132 1761 1163 doctrinae

105 1199 219 1220 vanam
249 1190 419 1219 cantantes
450 1186 594 1223 laudem,
633 1197 672 1217 ne
702 1187 905 1217 inveniamur
937 1186 1232 1228 reprehensibiles,
1268 1186 1322 1217 ubi
1359 1185 1542 1216 laudabiles
1576 1195 1649 1215 esse
1676 1184 1760 1214 desi-

106 1240 298 1272 dei-avimus.
337 1239 536 1271 Convertere
562 1240 593 1270 in
613 1250 670 1281 spe
689 1239 729 1270 ad
747 1239 868 1270 domini
887 1239 949 1270 Dei
967 1240 1013 1269 tui
1032 1239 1272 1270 sanctissimam
1292 1238 1510 1274 elementiam„
1537 1240 1568 1268 et
1586 1237 1762 1278 deprecare

106 1304 178 1325 eum
208 1292 258 1324 die
291 1296 468 1333 noctuque,
504 1296 538 1323 ut
570 1296 734 1323 extremos
766 1292 835 1323 dies
870 1292 934 1323 vite
966 1294 1040 1322 tuae
1071 1292 1101 1322 in
1132 1291 1215 1321 viam
1240 1291 1388 1321 veritatis
1421 1293 1453 1320 et
1483 1289 1557 1320 fidei
1583 1289 1762 1319 catholicae

106 1355 217 1387 pacem
243 1348 421 1381 convertat,
446 1355 486 1375 ne
514 1345 540 1375 si
565 1347 596 1375 te
621 1344 673 1375 hie
692 1345 847 1375 sanctitas
866 1344 1063 1375 universalis
1082 1343 1240 1374 ecclesiae
1259 1346 1402 1384 respuat.
1428 1342 1492 1372 illie
1518 1346 1548 1372 te
1575 1341 1606 1371 in
1629 1344 1764 1371 aeterna

105 1408 184 1439 pace
214 1397 331 1428 habere
361 1396 571 1428 contradicat.
632 1396 797 1427 Memento
828 1397 1024 1439 sententiam
1061 1396 1181 1426 domini
1219 1394 1269 1425 dei
1307 1394 1445 1430 Christi„
1487 1396 1520 1424 et
1556 1393 1761 1435 privilegium

107 1459 243 1489 magnae
269 1449 488 1486 auctoritatis,
514 1448 597 1489 quod
625 1459 702 1479 suae
729 1452 862 1479 sanctae
889 1448 1050 1478 concessit
1075 1447 1236 1478 ecclcsiae
1263 1446 1389 1477 dicens:
1420 1446 1537 1476 ‘Amen
1563 1444 1633 1474 dieo
1660 1444 1928 1482 vobis,i1,.t111.1.«,1›‹.

75 1523 79 1533 ‚
108 1501 183 1542 quia
207 1510 407 1542 quecumque
432 1500 646 1541 alligaveritis
678 1511 777 1541 super
801 1503 938 1533 terram*
976 1503 1069 1530 crunt
1096 1500 1196 1540 ligata
1226 1502 1257 1529 et
1288 1499 1319 1529 in
1351 1498 1468 1534 caelis,
1506 1500 1538 1527 et
1563 1506 1764 1537 quecumque

108 1552 268 1583 solveritis
295 1563 391 1593 super
415 1550 557 1585 terram'.
584 1552 741 1593 reliquas.
788 1552 874 1583 Eece
901 1553 1005 1593 qualis
1031 1552 1208 1582 auctoritas
1234 1555 1366 1582 sanctae
1392 1550 1453 1580 Dei
1481 1549 1658 1580 ecclesiae:
1688 1558 1764 1579 ecee

108 1605 209 1646 qualis
240 1608 342 1635 terror
372 1604 599 1635 recedentibus
632 1604 672 1634 ab
704 1615 751 1636 ea.
812 1604 938 1635 Scimus
971 1604 1055 1635 enim
1088 1614 1184 1634 unam
1215 1614 1288 1634 esse
1320 1606 1467 1633 sanctam
1492 1601 1554 1631 Dei
1582 1600 1764 1634 ecelesiam,

108 1656 147 1688 de
187 1667 249 1698 qua
290 1657 322 1687 in
365 1656 513 1698 symbulo
552 1656 713 1687 catholico
750 1656 924 1686 decantare
962 1656 1118 1686 solemus:
1159 1655 1277 1685 ‘Unam
1315 1658 1464 1684 sanctam
1502 1652 1693 1683 catholicam
1734 1654 1766 1681 et

108 1710 318 1751 apostolicam
343 1708 536 1740 ecelesiam’.
583 1709 633 1740 De
664 1720 727 1750 qua
756 1712 787 1739 et
819 1709 888 1750 ipse
919 1719 1055 1750 sponsus
1080 1707 1283 1738 decantavit:
1317 1705 1401 1736 *Una
1431 1709 1480 1736 est
1506 1704 1656 1735 columba
1682 1714 1896 1740 liie=1„c⁴a11t.ss,s

110 1762 252 1803 perfecta
276 1772 363 1800 mea7
388 1761 585 1792 inmaculata
608 1772 697 1799 mea,
722 1762 828 1792 electa
852 1761 1009 1802 genetrici
1036 1770 1125 1803 suae.
1174 1759 1335 1789 Viderunt
1361 1769 1431 1789 eam
1457 1757 1559 1790 filiae,
1585 1760 1617 1787 et
1642 1756 1764 1786 beatis-

109 1815 220 1844 simam
246 1813 538 1856 praedieaverunff.

213 1865 297 1897 Ecce
328 1866 532 1897 scismaticus
563 1876 652 1896 error
683 1868 809 1907 parte-m
841 1866 959 1906 rumpit
993 1865 1033 1894 ab
1066 1875 1120 1894 ea.
1158 1867 1189 1894 et
1219 1863 1364 1893 caritatis
1396 1863 1554 1892 unitatem
1584 1860 1766 1891 maculavit.

111 1918 213 1959 Igitur
244 1919 275 1948 in
304 1918 399 1949 nobis
424 1918 475 1949 vel
506 1918 537 1948 in
567 1917 659 1948 vobis
690 1918 845 1948 remansit
879 1917 1027 1948 eeclesia.
1074 1915 1169 1946 Duae
1195 1916 1279 1947 enim
1306 1919 1415 1956 partes
1448 1918 1539 1949 sunt„
1575 1917 1605 1943 et
1630 1922 1693 1942 non
1718 1916 1767 1942 est

109 1970 242 2001 unitatis
267 1969 449 2001 eoncordia.
497 1970 563 2000 Nos
587 1974 654 2000 toto
680 1969 798 2000 mundo
824 1972 907 2000 teste
934 1969 1111 1999 clamamus
1139 1966 1305 1997 Christum
1330 1977 1444 1997 verum
1470 1966 1532 1996 Dei
1559 1975 1630 1995 esse
1654 1964 1766 1999 filium,

113 2022 194 2052 sicut
218 2021 381 2053 Iohannes
405 2021 477 2052 Deo
503 2022 642 2052 dilectus
667 2022 844 2063 discipulus
873 2024 947 2062 post
976 2021 1077 2050 multa
1101 2020 1305 2055 testimonia,
1335 2030 1417 2060 quae
1447 2019 1477 2048 in
1508 2017 1678 2057 evangelio
1710 2025 1766 2045 suo

110 2073 148 2104 de
173 2074 330 2115 unigeniti
357 2074 527 2104 nativitate
553 2073 732 2105 secundum
760 2084 889 2104 carnem
916 2073 1091 2115 protestari
1119 2072 1211 2106 solet,
1238 2071 1298 2101 hoc
1324 2070 1462 2101 addidit:
1496 2068 1611 2099 ‘Multa
1636 2067 1765 2109 quidem
1780 2076 1931 2098 tammam.

111 2129 142 2157 et
174 2127 237 2157 alia
266 2127 359 2167 signa
391 2127 467 2157 fecit
495 2126 589 2156 Iesus
622 2127 650 2156 in
682 2129 859 2167 conspectu
890 2125 1123 2166 discipulorum
1155 2124 1240 2158 eius,
1278 2133 1360 2164 quae
1395 2133 1457 2152 non
1485 2124 1559 2151 sunt
1583 2121 1704 2161 scripta
1737 2119 1765 2148 in

112 2178 191 2209 libro
216 2178 287 2210 hoe.
326 2178 417 2209 Haec
442 2182 550 2209 autem
576 2179 698 2220 scripta
723 2182 806 2215 sunt,
833 2180 867 2208 ut
892 2176 1043 2213 credatis,
1069 2176 1144 2217 quia
1171 2176 1264 2206 Iesus
1291 2174 1440 2205 Christus
1468 2174 1552 2204 tilius
1578 2172 1652 2207 Dei,
1678 2174 1710 2202 ct
1734 2175 1767 2201 ut

113 2229 281 2261 eredentes
313 2231 410 2261 vitam
446 2230 592 2261 habeatis
626 2231 657 2260 in
695 2231 823 2260 nomine
860 2228 982 2271 ipsius⁷.
1041 2228 1147 2264 Quid³
1179 2231 1252 2269 post
1288 2228 1351 2257 tale
1386 2227 1563 2257 tonitruum
1602 2223 1767 2259 dubitatis

113 2282 272 2323 fingentes
301 2284 503 2314 nativitatem
534 2283 620 2313 illius
652 2293 770 2313 novum
801 2282 985 2324 adoptionis
1019 2292 1152 2316 nomen,
1190 2279 1274 2321 quod
1309 2280 1339 2310 in
1376 2282 1442 2309 toto
1473 2277 1591 2308 veteris
1629 2275 1767 2315 novique

112 2335 297 2365 testamenti
329 2335 412 2365 serie
443 2345 506 2365 non
532 2334 730 2366 inveniturh.
778 2334 993 2374 Cognoscite,
1027 2333 1083 2363 viri
1113 2333 1246 2365 fratres,
1277 2342 1371 2373 quam
1399 2340 1532 2372 parvum
1568 2332 1614 2358 est
1640 2327 1767 2357 Christo

112 2385 172 2416 deo
197 2387 304 2428 plures
331 2397 392 2417 non
419 2387 540 2417 habere
566 2387 688 2417 eleetos
715 2388 744 2416 in
771 2387 831 2417 hoc
857 2386 986 2421 mundo,
1012 2395 1107 2426 quam
1134 2395 1190 2414 vos
1217 2394 1354 2425 paucos:
1380 2383 1527 2412 latiorem
1555 2391 1616 2410 non
1644 2379 1766 2409 habere

113 2438 296 2468 ecclesiam.
336 2449 429 2479 quam
462 2439 544 2469 intra
579 2439 750 2479 angustiae
784 2443 912 2469 vostrae
943 2437 1112 2467 terminosi
1144 2437 1250 2467 sitam.
1309 2435 1371 2465 Ubi
1406 2439 1455 2465 est
1490 2436 1635 2475 potestas
1670 2431 1766 2461 Petro

216 2604 238 2634 ³)
257 2612 286 2635 (1³
308 2606 335 2628 ¹⁸¹-
408 2603 431 2632 b)
450 2606 489 2628 ΙΙΙ-’1
510 2605 537 2629 S·
609 2608 630 2631 ¹¹)
651 2606 711 2636 fuge
733 2606 760 2629 S.
833 2604 856 2634 d)
871 2614 943 2629 muro
964 2606 991 2629 Ν.
1064 2605 1086 2634 Β)
1100 2604 1265 2627 anathemat(-
1287 2604 1313 2626 N.
1386 2600 1404 2623 sl
1422 2601 1533 2631 recolligi
1556 2602 1582 2624 Ν.
1655 2600 1679 2625 “l
1696 2599 1716 2623 rl
1741 2601 1768 2623 S.

115 2643 140 2678 ὴ)
159 2646 188 2670 de
207 2647 307 2671 Christo
326 2647 388 2672 add.
409 2648 465 2672 Alc.
486 2648 541 2671 adv.
565 2648 619 2672 Fpl.
692 2647 709 2679 i)
730 2649 837 2672 termino
858 2650 884 2673 S.

217 2724 241 2755 l)
264 2723 304 2755 Cf.
324 2724 395 2755 *infra
416 2733 454 2756 ep,
473 2728 532 2749 145:
560 2725 617 2749 Nec
642 2733 692 2757 ego
714 2733 774 2749 vum
795 2725 922 2757 quolibet
942 2725 1146 2750 contentiosum
1168 2724 1260 2748 sunem
1282 2722 1391 2747 trahere
1412 2720 1503 2746 veliin.
1609 2722 1635 2746 ⁸2)
1658 2719 1768 2745 illenim

112 2772 170 2797 ⁰1⁹st
189 2765 226 2792 etl.
250 2766 398 2792 Frobemssus
418 2768 442 2799 l,
468 2771 524 2793 791:
556 2768 583 2792 in
609 2767 707 2792 ultimo
736 2769 859 2800 tempore
887 2768 990 2793 munuli.
1097 2769 1124 2791 53»
1146 2768 1188 2799 (t'si
1210 2767 1265 2791 Aha
1286 2766 1343 2790 mlv.
1364 2764 1444 2789 mliv.
1465 2764 1480 2789 Ι,
1505 2763 1537 2788 Il
1561 2772 1581 2788 c.
1604 2767 1618 2787 ,ἶ
1646 2763 1725 2795 (Opp.
1749 2762 1769 2788 I.

113 2810 192 2841 804):
212 2808 372 2843 Opposnisti
395 2810 479 2835 otiam
500 2813 528 2835 ut
548 2819 596 2835 nos·
615 2811 716 2835 dixisse
738 2811 811 2836 inter
830 2811 900 2836 alia:
922 2811 992 2842 Quid
1015 2812 1077 2843 post,
1098 2811 1153 2835 tah-
1228 2809 1376 2835 invenitur.
