2089 3171
630 140 780 167 ALCVINI
799 140 1008 168 EPISTOLAE.
1046 143 1102 169 134.
1122 144 1179 169 135.
1670 145 1731 175 203

76 227 249 258 diadema⁸
279 227 371 268 regni
403 230 435 258 et
469 226 642 258 sacerdotii
666 227 858 269 dignitatem
882 228 1034 270 portareb
1065 229 1157 260 iuxta
1181 231 1384 272 apostolum:
1416 230 1495 261 *Vos
1525 230 1603 261 estis
1627 241 1731 271 genus
1770 239 1797 259 c.
1824 230 1884 260 798

76 279 187 320 regale
212 282 245 310 et
262 278 464 310 sacerdotale
475 284 496 317 ⁰,
521 279 697 310 offerentes
715 279 862 310 vosmetd
879 280 950 311 Deo
969 281 1041 311 vivo
1066 281 1206 312 hostiam
1226 286 1372 313 sanctam
1390 285 1423 313 et
1439 282 1509 313 Deo
1526 281 1730 324 placentem'.
1744 271 1830 292 pr'
1843 273 1864 296 ²’
1878 273 1898 292 ⁹'

23 901 49 920 10

23 1203 47 1222 15

20 1636 45 1656 25

21 2067 46 2088 ³5

20 2500 46 2519 ⁴5

22 2759 48 2778 50

78 329 132 361 Sic
164 340 299 372 corpore
332 333 365 361 et
396 330 554 372 sanguine
579 330 740 361 dominico
765 331 989 369 confirmatur,
1026 336 1060 362 ut
1084 332 1171 363 illius
1201 334 1241 364 sit
1266 334 1406 375 capitise
1430 334 1631 369 membrum.
1664 333 1735 375 quif

77 393 134 424 pro
155 387 216 414 eog
231 392 349 424 passus
373 386 423 414 est
447 386 479 413 et
495 383 685 414 resurrexit.
725 382 912 414 Novissime
937 394 997 425 per
1020 384 1249 426 inpositionem
1274 384 1412 416 manush
1437 396 1455 416 a
1481 396 1603 416 summo
1622 396 1731 416 sacer-

77 433 152 466 dote
177 434 377 476 septiformis
402 435 525 475 gratiae
550 435 697 476 spiritum
722 435 864 476 accipit*⁷
889 439 924 466 ut
948 435 1121 467 roboretur
1144 446 1202 477 per
1220 436 1376 477 Spiritum
1401 440 1549 468 sanctum
1575 437 1615 468 ad
1638 448 1733 479 prae-

76 485 247 517 dicandum
271 486 353 518 aliis.
380 487 432 528 qui
457 486 516 516 fuit
541 487 572 516 in
597 486 761 528 baptismo
785 497 845 528 per
867 487 1004 528 gratiam
1031 487 1116 518 vitae
1141 488 1280 519 donatus
1305 488 1518 520 aeternaek*.

874 686 944 718 135.

177 746 333 778 Alcvinus
354 745 527 786 Friduqz'so
549 745 702 785 discipulo
725 745 761 776 cle
785 745 886 776 tribus
908 745 1065 776 visionum
1085 745 1252 785 qaum-vibus
1274 745 1412 784 exponit.
1533 757 1556 778 c.
1575 748 1646 778 798.

178 805 262 832 Codd.
287 805 310 832 S
331 805 377 837 sol.
391 807 536 837 154¹—155,
565 805 720 831 Monacens.
746 810 776 832 14
785 808 833 831 727
857 805 898 837 (S.
914 805 1114 839 Enmzerammi)
1139 814 1159 832 s.
1176 805 1230 831 IX.
1254 805 1306 839 (E)
1329 805 1379 838 fol.
1399 809 1462 839 129,
1488 806 1634 833 Parisinus
1654 811 1737 834 13373

73 848 112 882 (S.
128 849 259 875 Germani
279 849 351 877 1291)
371 856 392 874 s.
405 848 463 875 IX.
479 848 527 880 fol.
542 852 642 874 95—96
661 848 713 882 (G)
723 854 744 875 a.

178 891 249 918 Eud.
269 891 338 918 Luc.
357 891 508 918 Bucherius
526 891 614 925 Spieil.
632 891 678 924 VI,
696 895 744 918 396
761 893 808 925 (ex
830 891 876 925 G),
897 892 989 925 F155‚
1009 892 1098 918 «1257.
1119 908 1151 911 —
1171 892 1266 925 Miqrne
1283 893 1330 919 col.
1344 896 1401 919 478.

176 997 200 1026 ²)
221 997 365 1023 diademata
382 997 409 1022 E
413 1004 423 1028 ,¹
451 998 600 1023 deademate
621 998 655 1027 G;
683 999 805 1023 deadema
824 997 855 1022 F.
952 997 976 1029 b)
996 1002 1127 1031 portorum
1146 998 1177 1022 B.
1267 999 1288 1028 c)
1307 1003 1332 1023 et
1351 998 1508 1023 sacerdotale
1528 1007 1576 1023 om.
1596 999 1628 1029 E,
1649 1000 1681 1029 G,
1701 999 1733 1024 X.

72 1039 97 1072 d)
122 1049 168 1066 vos
189 1040 228 1070 B;
253 1046 353 1066 vosmet
376 1042 444 1074 ipsos
470 1041 503 1073 N,
524 1042 556 1072 G,
573 1042 611 1066 Μ.
700 1041 723 1073 e)
751 1050 798 1066 om.
818 1041 851 1072 E,
873 1042 902 1072 G,
921 1041 954 1066 N.
1043 1041 1069 1073 f)
1093 1049 1220 1074 superscr.
1239 1041 1277 1066 M.
1366 1042 1390 1073 ἕ)
1415 1042 1470 1074 ipso
1490 1041 1522 1073 N,
1542 1041 1567 1066 Β
1574 1051 1581 1071 ,·
1608 1043 1682 1067 nobis
1703 1042 1735 1066 F.

72 1082 98 1115 ¹³)
116 1091 242 1109 manuum
260 1084 298 1108 M.
369 1083 386 1115 i)
405 1085 503 1117 accepit
523 1085 554 1115 G,
573 1085 604 1109 B.
675 1083 701 1116 k)
720 1085 790 1110 Finit
809 1085 871 1109 add.
892 1084 925 1115 N,
944 1085 981 1109 Μ.

177 1152 202 1185 *)
221 1151 257 1177 In
268 1151 353 1178 codice
365 1151 393 1178 Β
404 1155 531 1178 secuntur
542 1151 617 1178 haee:
636 1152 811 1186 Baptismum
823 1154 831 1168 ¹
851 1160 958 1186 graece,
978 1152 1067 1179 latine
1079 1153 1182 1179 tinctio
1196 1153 1407 1187 interpretatur.
1427 1152 1502 1186 quod
1516 1153 1619 1179 ideirco
1633 1153 1734 1180 tinctio

75 1194 191 1226 dicitur,
210 1195 276 1229 quia
294 1195 334 1221 ibi
353 1195 435 1222 homo
455 1195 557 1229 spiritu
575 1195 685 1230 gratiae
704 1195 734 1221 in
753 1195 852 1222 melius
872 1196 1042 1227 inmutatur,
1062 1198 1090 1222 et
1109 1196 1193 1230 longe
1212 1196 1290 1222 aliud
1309 1205 1393 1230 quam
1413 1199 1472 1223 erat
1492 1196 1619 1223 efficitur.
1656 1197 1735 1223 Prius

74 1239 148 1265 enim
173 1238 228 1265 fedi
253 1247 362 1265 eramus
385 1239 563 1266 deformitate
589 1241 780 1273 peccatorum.
804 1240 833 1265 in
857 1239 918 1273 ipsa
942 1239 1079 1266 tinctione
1103 1239 1246 1266 reddimur
1270 1240 1359 1274 pulcri
1386 1239 1565 1266 dealbatione
1590 1240 1734 1266 virtutum.

72 1282 144 1308 Sunt
161 1291 273 1316 qnoque
296 1283 326 1308 in
344 1283 431 1309 veteri
456 1284 484 1309 et
507 1291 578 1309 novo
598 1284 767 1309 testamento
787 1283 811 1308 X
830 1291 933 1316 genera
952 1283 1099 1316 baptismi:
1128 1283 1140 1309 Ι
1159 1283 1227 1309 Cum
1252 1283 1281 1309 in
1300 1283 1396 1309 mundi
1417 1283 1530 1309 exordio
1549 1283 1664 1317 spiritus
1686 1283 1735 1310 Dei

72 1325 295 1360 superferebatur
317 1334 400 1360 super
423 1334 518 1359 aquas,
560 1326 586 1351 ΙΙ
605 1325 673 1352 Cum
698 1325 728 1351 in
753 1325 860 1352 diluvio
886 1326 973 1352 tot-ius
997 1326 1094 1352 mundi
1120 1328 1235 1360 peccata
1261 1326 1353 1353 deleta
1377 1328 1450 1352 sunt.
1476 1327 1536 1352 Noe
1555 1335 1606 1361 per
1624 1327 1735 1353 archam

72 1368 187 1395 salvato.
223 1369 263 1395 III
283 1369 349 1395 Cum
369 1369 419 1394 filii
438 1369 523 1395 Israel
542 1376 590 1401 per
614 1376 689 1394 mare
713 1368 826 1395 rubrum
850 1369 975 1395 Faraone
999 1369 1123 1396 demerso
1146 1378 1195 1404 per
1217 1370 1332 1402 Moysen
1357 1369 1457 1396 salvati
1485 1371 1558 1396 sunt.
1596 1370 1649 1396 IIII
1667 1370 1735 1396 Cum

73 1411 148 1438 idem
171 1411 327 1446 sanguinae
353 1412 460 1438 vitulae
484 1414 512 1438 et
535 1412 627 1438 cinere
651 1411 710 1437 eius
733 1413 762 1438 et
785 1420 859 1445 aqua
883 1414 1104 1446 aspergerentur.
1150 1413 1174 1438 V
1193 1413 1262 1439 Cum
1289 1413 1361 1439 idem
1391 1413 1441 1439 sub
1469 1413 1555 1439 Hiesu
1583 1413 1641 1439 filio
1670 1413 1736 1439 Nun

72 1464 123 1490 per
147 1455 294 1483 Iordanem
321 1455 435 1481 abducti
462 1457 536 1481 sunt.
582 1455 620 1480 VI
646 1454 715 1481 Cum
746 1455 841 1481 Iudaei
870 1455 899 1480 in
922 1454 1039 1481 Iordane
1066 1464 1083 1481 a,
1110 1455 1236 1489 baptista
1263 1456 1389 1483 Iohanne
1417 1458 1532 1490 propter
1557 1457 1735 1489 peccatorum

71 1499 271 1525 confessionem
304 1498 387 1525 tincti
417 1500 490 1524 sunt.
537 1498 589 1524 VII
616 1498 684 1524 Cum
719 1497 754 1523 ab
787 1498 848 1524 Iesu
876 1498 985 1524 Christo
1014 1498 1042 1523 in
1072 1507 1146 1532 aqua
1178 1501 1205 1525 et
1233 1499 1341 1533 Spiritu
1370 1500 1466 1525 sancto
1495 1499 1631 1532 baptizati
1663 1502 1736 1525 sunt.

71 1542 137 1568 VIII
155 1542 223 1569 Cum
248 1542 277 1568 in
303 1550 416 1576 corpore
439 1550 488 1568 suo
513 1550 563 1576 per
581 1549 683 1575 aquam
710 1541 886 1567 lacrimarum
906 1541 1008 1568 cotidie
1028 1541 1190 1568 abluuntur.
1227 1542 1306 1568 VIIII
1327 1542 1394 1568 Cum
1413 1542 1442 1568 in
1462 1542 1599 1576 sanguine
1618 1551 1667 1568 suo
1688 1551 1738 1576 per

71 1585 227 1612 martirium
255 1585 345 1612 sancti
373 1586 537 1619 purgantur.
582 1585 607 1610 X
633 1584 700 1611 Cum
725 1585 828 1611 iudicio
856 1593 906 1618 per
935 1585 1063 1618 spiritum
1093 1587 1120 1611 et
1146 1585 1239 1619 ignem
1259 1586 1349 1612 sancti
1373 1585 1601 1619 baptizabuntur.
1640 1586 1738 1618 Qu0d²

72 1630 166 1655 autem
192 1637 242 1662 per
269 1637 371 1662 aquam
395 1628 566 1662 baptismum
595 1628 690 1658 datur,
718 1628 786 1654 haec
814 1628 886 1654 ratio
915 1630 968 1653 est:
998 1627 1087 1664 voluit
1116 1628 1188 1654 enim
1214 1628 1360 1656 Dominus.
1389 1633 1419 1655 ut
1446 1637 1487 1655 res
1514 1629 1563 1655 illa
1587 1629 1736 1656 invisibilis·

70 1680 120 1706 per
137 1680 300 1706 congruens,
327 1672 375 1699 sed
401 1671 524 1706 profecto
544 1671 744 1697 contrectabile
764 1673 792 1697 et
811 1671 922 1697 visibile
945 1672 1144 1705 inpenderetur
1164 1672 1342 1703 elementum,
1371 1681 1454 1707 super
1472 1673 1545 1706 quod
1567 1676 1595 1699 et
1609 1673 1643 1699 in
1662 1674 1736 1707 prin-

70 1715 143 1750 cipio
170 1715 312 1742 ferebatur
339 1715 461 1749 Spiritus
490 1716 610 1741 sanctus.
655 1715 727 1740 Nam
751 1715 823 1741 sicut
848 1723 923 1748 aqua-
948 1718 1051 1749 purgat
1077 1715 1207 1742 exterius.
1232 1716 1273 1742 ita.
1293 1716 1416 1742 latenter
1435 1717 1493 1743 eius
1513 1717 1668 1743 ministerio
1688 1725 1738 1751 per

71 1758 207 1792 Spiritum
233 1760 361 1786 sanetum
389 1758 552 1792 purificatur
581 1761 609 1784 et
635 1758 771 1784 animus?
800 1758 884 1784 Cuius
913 1758 1082 1792 significatio
1110 1759 1150 1784 ita
1177 1761 1230 1785 est:
1259 1759 1389 1786 invocato
1416 1760 1489 1785 enim
1510 1760 1566 1786 Deo
1593 1760 1735 1787 descendit

71 1802 192 1836 Spiritus
210 1803 322 1828 sanctus
341 1801 375 1827 de
393 1801 485 1833 caelis⁷
505 1803 533 1828 et
552 1801 698 1828 medicatis
717 1801 797 1835 aquis
817 1802 972 1828 sanctificat
993 1810 1038 1828 eas
1058 1802 1091 1828 de
1105 1802 1262 1836 semetipso,
1282 1805 1310 1829 et
1324 1803 1467 1837 accipiunt
1481 1803 1537 1829 vim
1551 1803 1735 1838 purgationis.

74 1846 105 1872 ut
122 1845 152 1871 in
172 1845 211 1871 eis
230 1846 259 1871 et
277 1846 370 1871 animo
390 1845 500 1871 delictis
520 1844 669 1878 inquinato
689 1845 847 1871 mundetur.
879 1844 915 1871 Et
935 1844 998 1871 ideo
1018 1845 1046 1870 in
1066 1853 1140 1878 aqua
1159 1847 1186 1871 et
1206 1846 1314 1880 Spiritu
1334 1848 1430 1873 sancto
1444 1846 1573 1873 consistit
1587 1847 1735 1881 baptisma,

71 1888 138 1922 quia.
156 1887 264 1914 duabus
283 1888 449 1914 substantiis
469 1889 577 1914 constat
596 1888 693 1914 hoino.
713 1887 818 1914 visibili
838 1888 945 1914 scilicet
964 1890 992 1914 et
1010 1888 1160 1914 invisibili.
1189 1891 1215 1915 et
1237 1890 1331 1915 onmia
1356 1898 1428 1923 quae
1446 1889 1576 1916 mundari
1596 1890 1735 1923 indigent.

71 1932 122 1957 aut
139 1939 213 1965 aqua
233 1931 276 1957 vel
295 1931 356 1965 igni
374 1931 551 1957 mundantur.
590 1931 719 1958 Molliora
739 1931 811 1957 enim
832 1940 919 1965 aqua.
943 1932 1056 1958 duriora
1076 1940 1140 1958 vero
1160 1933 1275 1959 metalla
1302 1933 1361 1967 igni
1382 1935 1547 1967 purgantur.
1584 1933 1628 1959 Sic
1654 1936 1681 1959 et
1707 1934 1735 1959 in

71 1974 152 2001 nobis
170 1973 303 2008 quicquid
323 1974 421 2000 durum
442 1982 491 2007 per
510 1974 603 2007 ignem
618 1974 741 2008 spiritns,
761 1974 895 2008 quicquid
910 1975 993 2001 molle
1013 1984 1062 2009 per
1074 1984 1175 2009 aquam
1191 1975 1323 2010 baptismi
1342 1978 1488 2010 purgatur.
1522 1976 1642 2010 Spiritus
1662 1976 1735 2002 enim

73 2019 185 2044 sanctus
203 2017 278 2051 ignis
297 2025 460 2044 consumens
480 2019 522 2043 est
541 2019 694 2051 peecatum.
715 2020 743 2044 et
758 2018 908 2044 inluminat
928 2018 1011 2044 eorda
1025 2020 1192 2049 sanctorum,
1213 2021 1240 2045 et
1261 2019 1317 2045 urit
1331 2019 1409 2051 vitia,
1429 2022 1455 2045 ct
1471 2020 1591 2046 calificat
1606 2022 1735 2046 mentem.

73 2061 146 2087 sient
164 2060 233 2087 facit
251 2060 333 2094 ignis.
370 2060 515 2086 Chi-isma2
533 2069 644 2094 graece,
670 2061 757 2087 latine
777 2061 872 2087 unctio
892 2061 1067 2088 nominatur.
1093 2071 1125 2088 ex
1146 2062 1225 2088 cuius
1244 2063 1356 2089 nomine
1377 2065 1403 2089 et
1424 2063 1550 2089 Christus
1569 2063 1684 2090 dicitur.
1708 2065 1735 2089 et

72 2104 154 2131 homo
172 2105 237 2138 post
249 2104 391 2130 lavacrum
405 2104 604 2130 sanctificatur.
636 2105 708 2130 Nam
722 2105 794 2131 sicut
814 2105 842 2130 in
857 2105 996 2139 baptismo
1011 2105 1135 2131 remissio
1149 2107 1328 2138 peccatorum
1342 2106 1432 2137 datur,
1453 2106 1493 2132 ita,
1512 2115 1561 2140 per
1575 2105 1735 2132 unctionem

71 2147 256 2174 sanctificatio
275 2147 390 2181 spiritus
409 2147 566 2174 adhibetur.
598 2148 633 2173 Et
652 2148 704 2174 hoe
723 2148 757 2174 de
772 2148 892 2182 pristina
905 2148 1063 2182 disciplina.
1083 2157 1139 2182 qua
1152 2149 1240 2183 ungui
1256 2149 1307 2183 [in]
1322 2149 1507 2176 sacerdotium
1529 2151 1557 2175 et
1576 2149 1603 2175 in
1619 2157 1735 2183 regnum

72 2190 228 2218 sacerdotes
247 2192 275 2217 et
294 2190 507 2225 regesludaeos
526 2190 666 2222 solebant;
693 2199 726 2217 ex
746 2199 801 2225 quo
821 2193 849 2218 et
870 2192 962 2218 Aaron
981 2200 997 2217 a
1017 2192 1112 2225 Moyse
1132 2194 1233 2218 unctus
1253 2194 1302 2218 est.
1341 2193 1417 2224 Quae
1442 2193 1507 2218 dum
1528 2193 1678 2219 carnaliter
1696 2192 1734 2220 fit.

72 2234 239 2269 spiritaliter
256 2234 378 2268 proficit;
405 2234 544 2268 quomodo
563 2234 593 2260 in
613 2234 674 2269 ipsa
692 2234 826 2269 baptismi
845 2235 939 2269 gratia
959 2235 1077 2261 visibilis
1097 2237 1175 2262 actus
1195 2237 1250 2262 est.
1274 2236 1348 2269 quod
1373 2236 1400 2261 in
1420 2245 1493 2269 aqua
1513 2236 1662 2270 mergitur.
1689 2235 1735 2261 sed

73 2277 260 2312 spiritualiter
278 2279 370 2311 aetus,
398 2279 472 2312 quod
491 2278 602 2305 delictis
620 2279 796 2305 mundamur.
833 2278 869 2305 Et
896 2279 957 2305 ideo
981 2279 1097 2305 ecclesia
1117 2279 1253 2313 unguitur
1272 2280 1345 2306 oleo.
1376 2289 1407 2306 eo
1427 2280 1501 2314 quod
1522 2279 1674 2306 membrum
1695 2281 1735 2306 est.

71 2321 180 2348 aeterni
203 2321 277 2355 regis
300 2323 329 2348 et
352 2321 515 2348 sacerdotis.
545 2321 611 2355 quia
634 2330 722 2356 genus
746 2322 917 2348 sacerdotale
945 2325 973 2349 et
996 2323 1090 2357 regale
1113 2332 1215 2362 sumus.
1257 2323 1408 2357 Propterea
1428 2332 1493 2357 ergo
1514 2324 1544 2349 fit
1564 2331 1626 2356 rego
1646 2323 1682 2349 sit
1701 2325 1735 2355 e.)

73 2364 243 2398 baptismum
263 2372 312 2398 per
330 2373 431 2398 aquam
452 2366 480 2391 ct
498 2372 554 2390 non
573 2373 622 2398 per
639 2365 756 2392 alterum
772 2365 916 2399 liquorem,
937 2366 1004 2399 quia
1023 2367 1052 2392 in
1066 2366 1287 2400 prevaricatione
1302 2366 1501 2400 {premi-itione
1521 2367 1552 2399 c.)
1568 2365 1734 2400 protoplasti

72 2415 147 2441 aqua
171 2415 228 2434 non
252 2407 357 2442 legitur
379 2407 462 2434 fuisse
486 2407 647 2439 maledicta.
677 2417 708 2435 eo
732 2409 807 2442 quod
830 2410 926 2435 contra
952 2409 1133 2436 interdictum
1154 2409 1264 2436 Domini
1289 2409 1323 2436 (le
1349 2418 1422 2443 aqua
1442 2418 1498 2435 non
1517 2409 1604 2440 bibit,
1631 2409 1677 2435 sed
1701 2409 1735 2435 de

73 2452 163 2477 terrae
181 2451 274 2477 fructu
287 2452 383 2477 contra
402 2450 461 2477 eius
473 2453 652 2485 praeceptum
666 2451 796 2478 comedit.
828 2451 886 2478 Hac
900 2451 1010 2478 ratione
1023 2452 1103 2486 aquis
1123 2461 1140 2478 a
1154 2453 1302 2479 maledicto
1317 2454 1432 2486 peccato
1446 2452 1579 2486 pepercit.
1602 2451 1735 2485 quoniam

74 2502 124 2528 per
141 2502 228 2528 aquas
247 2493 339 2520 delere
357 2493 582 2520 maledictionem
602 2495 679 2521 illam
700 2495 877 2529 preparabat.
911 2495 989 2527 Quod
1009 2498 1037 2522 et
1056 2495 1085 2521 in
1105 2495 1211 2522 diluvio
1232 2497 1334 2522 factum
1355 2498 1382 2521 et
1402 2504 1475 2521 nunc
1495 2504 1544 2529 per
1562 2494 1732 2529 baptismum

73 2537 261 2572 intellegitun
287 2537 316 2563 in
339 2545 394 2571 quo
417 2546 491 2571 aqua
519 2539 547 2564 et
569 2538 675 2572 Spiritu
705 2540 800 2565 saneto
825 2540 925 2565 cuneta
954 2539 1076 2565 humana
1103 2539 1221 2565 crimina
1250 2547 1380 2572 corporea
1408 2538 1490 2564 simul
1519 2539 1547 2563 et
1575 2538 1734 2571 spiritualia

73 2582 238 2615 purgantur.
275 2581 315 2606 Ac
338 2588 388 2613 per
411 2580 463 2607 hoc
488 2589 550 2607 culn
570 2581 702 2607 Dominus
721 2590 737 2607 a
755 2582 873 2608 mortuis
893 2583 1100 2610 resurrexisset.
1128 2591 1184 2609 non
1203 2582 1389 2609 terrestrium.
1418 2581 1464 2608 sed
1484 2581 1653 2614 aquatilium
1673 2582 1734 2608 ani-

72 2623 189 2650 malium
209 2631 319 2650 carnem
339 2623 467 2655 comedit,
488 2622 536 2657 [id]
558 2622 701 2658 est⁰piscis
721 2624 776 2651 assi
797 2626 905 2659 partem
926 2627 954 2651 et
973 2625 1067 2652 favum
1087 2625 1185 2651 mellis.

178 2693 234 2720 135.
271 2694 294 2725 ⁸)
313 2694 432 2719 Lemma:
450 2695 494 2719 De
513 2694 622 2719 tribus
639 2696 818 2728 generibus
837 2696 998 2721 visionum
1019 2697 1050 2721 G.

180 2753 205 2783 1)
224 2754 383 2786 Baptismum
402 2767 434 2771 -
454 2755 579 2779 virtutum
603 2763 634 2780 επ
652 2754 748 2780 Ιείἀον.
766 2755 877 2788 Etymol.
897 2755 942 2787 VI,
961 2758 1001 2787 19,
1020 2757 1060 2780 43.
1081 2757 1124 2780 44.
1236 2753 1263 2785 2)
1291 2755 1364 2785 Quod
1388 2759 1472 2779 autem
1493 2768 1524 2772 —
1546 2755 1684 2781 mundetur
1703 2764 1734 2780 esc

73 2795 160 2821 eodem
179 2795 291 2828 capitulo
311 2799 422 2822 47—49.
527 2796 553 2829 3)
572 2798 689 2823 Chrisma
709 2812 739 2816 —
758 2799 913 2824 mundamur
930 2807 961 2824 ez
979 2798 1033 2823 eocl.
1054 2798 1165 2830 capitulo
1186 2800 1298 2823 (ΞΟ-52,

1479 2832 1528 2858 26*
