2089 3171
687 161 835 188 ALCVINI
855 161 1063 188 EPISTOLAF..
1103 164 1157 188 189.
1179 163 1236 189 190.
1702 166 1762 195 317

107 250 249 291 peccatis
268 249 462 280 facientibus
488 250 548 279 rari
567 253 641 279 suut
659 249 797 290 operarii
823 248 853 278 iu
872 259 978 278 messe
1000 248 1127 279 Domini
1146 250 1165 279 1,
1205 249 1269 279 Sed
1294 260 1356 290 quo
1383 250 1520 280 rariores
1545 250 1760 280 inveniuntur.
1797 250 1965 279 791—501»

108 312 145 331 eo
170 302 274 342 magis
299 312 434 332 necesse
459 307 519 339 est,
545 306 579 331 ut
604 301 663 334 illi,
701 301 753 341 qui
780 304 869 331 sunt.
907 301 1098 330 omnimodis
1132 302 1197 342 iugi
1223 306 1353 331 sanctae
1378 302 1630 342 praedicationis
1656 293 1925 338 studio‘ngc'f'ffff-''f‘
1941 294 1978 313 ³⁷³

58 724 83 743 10

59 984 81 1002 15

58 1511 84 1530 20

59 1796 83 1815 25

61 2054 86 2074 ³0

65 2582 88 2602 35

110 353 150 383 ab
176 363 285 384 errore
310 353 395 384 vitae
421 356 453 383 et
478 352 641 394 superflua
658 353 831 383 multarum
851 352 1086 383 consuetudine
1105 353 1283 383 vanitatum
1310 353 1348 383 ad
1369 353 1560 384 modestiam
1579 353 1763 384 sobrietatis

111 408 143 435 et
167 405 325 435 castitatis
350 404 540 434 exercitium
565 414 719 435 revocare
745 403 927 433 studeanta.

213 455 286 486 Non
311 459 419 486 taceat
443 466 478 486 os
503 455 683 486 sanctitatis
709 458 782 486 tuae
807 455 1018 496 evangelicae
1036 456 1183 486 veritatis
1202 456 1299 486 verba
1324 467 1382 487 uec
1400 457 1599 498 apostolicae
1618 456 1763 488 doctrine

109 508 227 538 seriem
262 518 322 538 nec
353 512 539 538 sanctorum
568 511 695 549 patrum
727 517 834 538 mores
865 507 1100 538 nobilissimos.
1136 512 1171 538 ut
1200 508 1292 538 multi
1322 519 1379 548 per
1409 514 1496 539 tuam
1530 510 1763 539 sanctissimam

108 559 314 590 devotionem
340 559 529 590 erudiantur
552 564 583 589 et
607 559 665 589 tibi
690 559 871 600 multiplex,
898 559 958 590 deo
976 558 1106 589 Christo
1132 559 1283 590 donante.
1309 571 1435 591 merces
1454 567 1584 592 maneat
1608 562 1637 591 in
1657 567 1763 591 aeter-

108 622 194 642 num.
240 611 313 641 Non
338 616 484 652 potestas
510 611 630 652 regalis
662 621 721 640 nec
746 611 931 651 arrogantia
957 610 1131 641 cuiuslibet
1157 611 1313 642 secularis
1340 611 1547 643 sublimitatis
1577 617 1664 642 tuam
1690 623 1763 654 pro-

109 663 220 694 hibeat
243 673 261 694 a
280 663 416 694 veritate
441 673 563 694 vocem.
603 661 676 693 Non
701 661 864 692 adulatiob
889 662 1157 704 subsequentium
1168 662 1190 692 2.
1216 673 1279 693 non
1298 664 1452 694 secularis
1471 664 1617 695 luxoriae
1636 675 1763 706 pompa.

110 725 174 745 non
205 715 410 757 deceptibilis
442 715 511 745 auri
541 714 680 755 speeies,
715 724 774 744 nec
803 714 871 745 ulla
903 719 1052 745 terrenae
1077 713 1304 745 delectationis
1330 716 1478 756 voluptas
1508 726 1560 746 cor
1585 717 1765 746 sanctitatis

111 770 186 798 tuae
211 777 230 797 a
253 766 373 798 fiducia
390 766 526 797 studiosi
544 766 664 797 laboris
688 765 866 796 subtrahat.
893 765 951 797 sed
977 766 1126 797 omnibus
1152 767 1183 797 in
1208 771 1239 797 te
1264 767 1320 797 lux
1345 768 1491 798 veritatis
1516 767 1633 803 luceat.¹
1659 772 1690 798 et
1715 769 1765 798 via

109 818 224 849 salutis
250 822 404 850 aeternae
429 818 628 849 ostendatur.
665 817 766 848 Pauci
791 821 865 848 sunt
889 817 985 848 huius
1010 818 1096 848 vitae
1123 817 1210 848 dies0
1234 818 1372 850 laboris:
1398 823 1429 849 et
1454 820 1507 860 qui
1531 820 1604 861 plus
1630 820 1765 850 laborat.

108 870 180 912 plus
216 870 375 902 mercedis
410 870 563 912 accipiet‚
600 869 657 901 sed
694 870 824 900 celestis
861 869 1073 900 beatitudinis
1109 872 1327 901 remuneratio
1362 871 1562 913 temporibus
1599 876 1766 912 permanet

109 923 260 954 aeternis.

215 973 426 1016 Omnipotens
458 973 548 1005 Deus
581 978 668 1005 tuam
700 979 844 1006 sanctam
876 980 907 1006 et
940 975 1161 1006 venerabilem
1194 977 1422 1017 paternitatem
1456 976 1494 1006 ad
1530 976 1765 1007 exaltationem

108 1028 241 1056 sanetae
259 1037 337 1056 suae
355 1026 515 1057 ecclesiae
533 1026 641 1056 multis
660 1026 798 1057 feliciter
817 1028 909 1057 annis
929 1029 1037 1057 vivere
1057 1032 1088 1058 et
1107 1027 1264 1068 proficere
1283 1027 1449 1058 concedat.
1475 1027 1641 1057 rarissime
1665 1033 1766 1069 pater.

908 1286 976 1316 190.

212 1345 366 1377 Alcvinus
389 1345 483 1377 Petro
512 1345 742 1385 archiepiscopo
765 1345 1001 1377 Illvdiolanensi
1030 1346 1065 1376 ob
1083 1348 1253 1385 paternam
1279 1347 1517 1378 Ιηηιωόῖσηΐιίιηι
1541 1349 1665 1386 ‚sp-atim
1692 1349 1765 1387 ayit.

109 1397 312 1438 Liuclyardae
335 1408 465 1428 munera
491 1400 713 1428 commemorat.
1499 1399 1681 1430 794—800.

216 1457 294 1484 Codd.
316 1457 347 1483 Η
361 1458 405 1489 fol.
421 1461 500 1489 7-—7¹‚
518 1459 555 1489 (A
568 1463 592 1490 1)
611 1459 638 1483 Α
651 1459 683 1483 1*
699 1466 727 1490 p.
741 1461 843 1483 64—65
862 1466 902 1483 ην.
919 1461 978 1484 42².
1011 1497 1014 1500 ⁴

215 1500 284 1527 Εᾱιῑ.
305 1500 397 1533 F196,
418 1501 443 1527 J
455 1503 506 1526 131.
526 1516 557 1519 —
576 1501 669 1534 Miqne
686 1501 733 1526 eol.
747 1504 808 1526 440.

212 1589 435 1613 SANCTISSIMO
454 1590 557 1613 PATRI
576 1589 686 1613 PETRo
706 1588 995 1613 ARCHIEPISCOPO³
1014 1589 1158 1613 mornas
1178 1590 1270 1613 Tum
1290 1591 1471 1615 (ARITATts
1492 1590 1658 1615 ALBINI‘S'·

789 1632 900 1656 FILIUS
919 1632 1089 1656 SALUTEM.

213 1681 319 1713 Dulce
350 1683 429 1714 mihi
461 1686 510 1714 est
535 1684 664 1725 saepius
689 1687 765 1714 tuae
789 1683 931 1714 seribere
958 1684 1191 1721 reverentiae&
1226 1688 1320 1726 pater
1351 1686 1485 1726 optime.
1520 1687 1545 1717 si
1577 1687 1768 1728 portitorum

111 1733 192 1765 fides
218 1737 251 1765 et
275 1736 477 1775 oportunitas
501 1735 667 1766 adfuisset.
712 1734 837 1766 Tamen
861 1736 888 1766 si
913 1740 1002 1766 carta
1027 1747 1089 1766 non
1117 1741 1238 1769 currat,
1277 1738 1396 1768 caritas
1422 1748 1483 1768 non
1508 1738 1675 1769 dormitat.
1712 1738 1769 1769 sed

113 1786 255 1816 suaviter
286 1786 399 1827 vigilat
434 1791 466 1818 et
500 1787 676 1818 salubriter
710 1791 869 1817 memorat-
904 1789 1110 1829 paternitatis
1140 1792 1268 1820 vestrae
1304 1790 1474 1831 pietatem.
1511 1801 1574 1832 qua
1610 1801 1660 1821 me
1695 1791 1770 1821 licet

110 1838 216 1868 minus
241 1837 374 1878 dignum
399 1839 430 1869 in
455 1839 511 1869 filii
536 1839 728 1880 dignitatem
756 1840 942 1881 suscepisti,
966 1840 1185 1871 familiaritate
1203 1841 1322 1872 fovisti.
1349 1843 1582 1873 ammonitione
1601 1843 1768 1873 roborasti.

111 1888 202 1924 Quae
239 1890 347 1921 omnia
384 1891 456 1932 pius
488 1895 676 1922 cunctorum
710 1896 935 1923 remunerator
964 1892 1122 1923 bonorum
1156 1897 1289 1924 aeterna
1325 1893 1381 1924 tibi
1414 1894 1565 1925 mercede
1591 1895 1770 1925 retribuere

111 1941 293 1983 digneturd.

216 1992 405 2035 Liudgarda
429 2005 520 2034 vero,
556 1994 677 2026 femina
701 1996 884 2037 1·eligi0sa⁴.
921 1996 993 2028 Deo
1018 1996 1123 2028 fidelis
1155 2001 1187 2027 et
1210 1997 1295 2038 regi.
1331 1997 1498 2028 scutellam
1525 2001 1713 2038 argenteam
1740 2002 1771 2028 et

113 2055 212 2075 unum
236 2048 386 2076 storacen
416 2047 447 2077 in
471 2047 717 2088 aelymosynam
742 2049 791 2078 sui
815 2052 945 2079 vestrae
970 2049 1132 2079 sanctitati
1157 2049 1293 2082 direxit,
1326 2055 1361 2080 ut
1387 2049 1537 2080 videatur
1561 2049 1769 2080 dividendum

113 2096 291 2127 secundum
316 2097 516 2128 voluntatem
541 2097 613 2130 Dei.
661 2099 703 2129 Et
727 2100 801 2141 quia
827 2111 904 2141 ego,
936 2101 1020 2131 filius
1046 2104 1132 2132 tuus.
1166 2101 1326 2132 mediator
1362 2102 1392 2132 in
1419 2101 1478 2132 hac
1505 2102 1666 2142 legatione
1691 2111 1770 2132 sum.

113 2148 264 2188 obsecro,
299 2153 334 2179 ut
369 2159 440 2180 eam
475 2150 506 2180 in
543 2150 628 2181 filiae
661 2151 868 2183 dilectionem
902 2153 1068 2194 suscipere
1099 2153 1254 2193 digneris,
1313 2154 1423 2184 Habet
1454 2155 1538 2184 enim
1570 2154 1770 2183 voluntatem

112 2201 231 2232 bonam
254 2201 434 2243 prodessee
459 2202 562 2232 servis
588 2203 649 2234 Dei
674 2207 706 2234 et
730 2208 863 2235 sanctae
889 2215 966 2235 suae
992 2205 1162 2236 ecclesiae.
1213 2205 1418 2247 Quapropter
1442 2205 1630 2245 diligentius
1657 2204 1771 2245 ‹lepre-

113 2254 230 2284 camini
248 2264 305 2295 pro
324 2254 430 2284 salute
449 2258 480 2284 et
498 2255 716 2296 prosperitate
737 2255 832 2286 illius.
858 2261 891 2286 ut
909 2256 1015 2287 diviua
1034 2257 1119 2288 illam
1139 2258 1241 2298 gratia
1261 2258 1399 2297 longeva
1426 2256 1583 2287 custodiat
1603 2257 1770 2297 sospitate.

220 2574 245 2605 ²¹)
265 2574 367 2599 studeat
385 2574 419 2599 Η
491 2573 516 2607 b)
536 2575 660 2600 adullatio
680 2575 715 2600 II.
787 2576 809 2606 (ἲ)
828 2576 927 2601 dierum
947 2576 982 2600 H.
1513 2610 1527 2613 —

220 2617 276 2642 190.
315 2618 338 2647 ὓ)
358 2618 506 2650 Epistola
527 2619 637 2643 Albini
656 2620 802 2651 magistri
821 2620 856 2644 ad
877 2621 1002 2644 Petrum
1022 2620 1303 2652 archiepiscopum
1324 2620 1345 2642 A
1362 2622 1380 2642 1.
1442 2617 1466 2648 b)
1482 2619 1531 2642 Alb
1546 2617 1580 2642 Il.
1652 2620 1674 2647 v)
1688 2626 1775 2642 reven-

115 2661 166 2685 tiae
184 2660 220 2685 Π.
309 2659 334 2692 d)
353 2666 437 2686 cetera
456 2670 504 2686 οηι.
525 2662 545 2685 Α
563 2665 581 2686 1,
654 2662 677 2694 ⁰)
697 2656 808 2695 prodisse
828 2663 863 2688 II.

220 2729 246 2762 1)
277 2728 318 2760 Cf.
348 2736 432 2761 supra
459 2733 565 2762 ep.1·.)9
591 2738 618 2762 p.
639 2733 700 2755 192:
727 2730 862 2756 Similiter
889 2733 917 2755 et
947 2740 995 2764 per
1023 2731 1151 2756 ecclesia>-
1182 2730 1282 2755 Christi
1315 2729 1454 2762 perierunt
1484 2729 1609 2754 doctores
1642 2729 1775 2754 veritatis.

117 2772 144 2801 2)
169 2771 210 2803 Cf.
229 2779 313 2804 supra
328 2780 356 2805 p.
372 2775 418 2798 167
433 2772 450 2801 Ι,
464 2776 503 2798 22.
609 2774 636 2806 3)
658 2773 855 2799 Mediolanensi
876 2777 1026 2805 784-803,
1051 2775 1098 2806 qui
1118 2777 1141 2799 et
1162 2774 1216 2807 ipse
1236 2783 1260 2799 a.
1278 2777 1332 2798 594.
1357 2772 1456 2806 synodo
1476 2772 1702 2804 Fr11ncofurtensi
1719 2780 1775 2797 cum

66 2824 93 2843 40
120 2815 235 2841 Alerino
255 2815 384 2848 interfuit,
403 2816 436 2847 cf.
455 2824 543 2849 supra
559 2825 586 2849 p.
599 2820 653 2843 313.
742 2819 768 2849 4¹·
792 2817 828 2849 (Υ
849 2826 931 2850 supra
949 2827 976 2850 1¹-
991 2823 1020 2843 3⁴4
1042 2819 1066 2842 ιῐ,
1087 2822 1103 2843 1.
