2089 3171
69 752 91 769 10

71 1271 96 1290 20

71 1532 95 1551 ’25

74 1796 100 1815 30

78 2053 102 2071 35

81 2318 106 2337 40

709 184 856 209 ALCVINI
879 182 1084 208 El’ls'l‘olixli.
1121 183 1179 208 3⁴17.
1704 183 1764 211 469

115 274 232 316 populo
251 272 330 305 suo’.
372 271 621 304 'Convenienter
647 270 753 308 eninr.
779 271 854 305 ait1,
880 270 1006 300 ‘dicitur
1027 269 1283 310 redemptionem
1306 269 1403 305 misit,
1427 269 1578 310 quoniam
1601 268 1659 298 hoc
1677 267 1763 298 vide-

116 327 232 357 bantur
258 325 403 366 indigere
428 324 558 366 captivi.
605 323 670 354 Sed
696 323 760 354 tale
786 323 928 364 precium
952 322 1027 353 fuit.
1061 321 1144 362 quod
1170 332 1232 352 non
1265 322 1409 351 tirannus
1439 325 1597 351 sumeret.
1629 319 1687 350 sed
1712 319 1765 350 ille

116 379 168 420 qui
199 377 432 409 absolvebatur
460 377 633 417 acciperet.
679 375 839 406 Lucratus
873 378 921 405 est
951 374 1096 415 captivus
1127 372 1385 414 redemptionem
1418 383 1524 403 suam:
1555 377 1588 403 et
1617 372 1686 413 ipse
1717 375 1766 401 est

116 430 219 470 magis
245 428 318 460 inde
348 428 482 463 ditatus.
507 428 561 468 qui
590 427 763 458 tenebatur
791 424 972 464 obnoxius',
1006 428 1038 455 et
1062 425 1206 455 tirannus
1230 424 1410 455 damnatus.
1443 425 1494 465 qui
1525 424 1658 455 tenebat
1683 433 1766 453 eum.

222 481 284 511 Sed
318 480 518 522 querendum
552 484 601 510 est
637 478 824 519 diligentius
861 483 957 519 atque
988 477 1102 508 merito
1134 477 1249 507 intuitu
1283 476 1538 518 inspiciendum.
1575 486 1615 506 an
1651 474 1766 504 iustius

117 534 241 564 dicatur
266 536 400 563 mortem
420 542 437 562 a
461 531 621 562 salvatore
647 534 756 560 nostro
783 530 968 571 suscepisse
994 529 1148 570 precium.
1173 539 1213 559 an
1239 528 1340 569 ipsam
1366 535 1500 558 mortem
1526 528 1671 569 precium
1696 536 1767 557 esse

120 583 351 626 redemptionis
376 586 518 614 nostrae.
566 581 762 612 Audiamus.
795 581 871 622 quid
896 582 1010 612 beatus
1035 581 1260 621 Augustinusa
1285 579 1404 610 indicat
1429 580 1459 610 in
1485 579 1565 610 libro
1591 582 1703 620 quarto
1729 577 1768 608 de

118 642 231 668 sancta
254 636 413 667 Trinitate
425 636 448 667 2.
473 635 526 666 ubi
552 634 689 676 plurima
714 633 901 675 disputabat
927 632 966 663 de
992 633 1120 674 poenali
1146 638 1177 662 et
1204 632 1381 662 iustissima
1406 632 1557 662 miseriae
1582 634 1711 661 nostrae
1737 634 1770 660 et

118 700 180 720 non
204 688 314 720 debita
339 687 457 718 domini
482 687 583 718 nostri
602 685 676 716 Iesu
695 685 815 716 Christi
841 689 953 716 morte.
994 684 1055 715 'Ad
1074 683 1230 715 mortem‘.
1256 684 1367 725 inquit.
1395 692 1463 724 'per
1486 687 1654 724 peccatum
1681 682 1769 712 veni-

120 752 205 772 mus.
237 744 269 771 et
293 740 347 771 ille
373 750 430 781 per
454 739 621 770 iustitiam:
655 745 685 768 ct
716 737 806 768 ideo.
840 748 911 767 cum
938 737 978 767 sit
1002 747 1087 766 mors
1119 740 1228 766 nostra
1258 746 1362 777 paena
1392 736 1533 776 peccati.
1566 746 1649 765 mors
1683 734 1770 764 illius

120 793 204 823 facta
229 796 278 823 est
302 792 407 822 hostia
434 802 490 832 pro
523 788 687 832 peccatis'.
736 789 892 820 Similiter
916 789 978 818 alio
1009 787 1152 829 capitulo
1185 787 1330 818 eiusdem
1363 787 1433 818 libri
1460 786 1499 818 de
1525 793 1625 817 morte
1652 786 1770 817 Christi

119 846 163 875 ita
188 844 298 875 dicit³z
335 843 459 884 'Neque
486 843 570 873 enim
597 842 785 882 cuiusquam
820 841 888 871 iure
918 840 1088 881 potestatis
1119 844 1237 870 exutus
1263 845 1313 870 est
1338 839 1526 874 carnaliter.
1559 838 1615 869 sed
1641 838 1709 879 ipsc
1737 850 1770 867 sc

119 896 220 927 exuit.
265 895 348 926 Nam
374 895 427 936 qui
451 895 556 935 possit
580 904 643 924 non
670 893 751 924 mori
777 894 802 923 si
829 893 942 931 nollet.
975 892 1085 933 procul
1115 891 1212 922 dubio
1248 892 1322 933 quia
1347 891 1449 922 voluit
1474 895 1617 922 mortuus
1643 899 1708 921 cst:
1741 897 1772 920 ct

119 948 192 979 ideo
218 949 419 990 principatus
445 951 477 978 et
502 951 682 988 potestates
715 945 928 986 exemplavit,
964 944 1160 975 fiducialiter
1191 943 1395 985 triumphans
1423 944 1503 974 easb
1529 944 1561 973 in
1587 943 1772 984 semetipso.

82 1012 92 1029 ⁵
120 1000 224 1032 Morte
248 1011 306 1031 sua
331 1000 446 1041 quippe
471 1009 534 1029 uno
560 999 728 1030 verissimo
754 997 912 1027 sacrificio
938 1007 995 1038 pro
1022 996 1113 1027 nobis
1139 994 1261 1026 oblato'
1287 999 1319 1027 et
1343 1000 1469 1026 cetera.
1495 1006 1556 1036 que
1582 994 1773 1025 mirabiliter

118 1053 324 1094 prosequitur
349 1052 388 1082 de
413 1051 525 1082 eadem
551 1062 593 1081 re.
642 1050 726 1080 Item
752 1056 823 1091 post
850 1059 969 1090 pauca.
994 1049 1025 1078 in
1051 1059 1088 1078 eo
1115 1048 1271 1089 capitulo.
1297 1048 1347 1078 cui
1379 1048 1478 1078 talem
1504 1047 1673 1089 proposuit
1697 1046 1772 1076 titu-

119 1105 201 1136 lum:
235 1104 295 1135 ‘De
324 1104 481 1134 sacrificio
506 1102 652 1144 perfecto
678 1108 709 1132 et
735 1112 826 1132 vero.
857 1101 941 1142 quod
966 1101 1038 1142 ipse
1063 1110 1118 1141 pro
1144 1099 1238 1130 nobis
1263 1101 1406 1130 salvator
1432 1099 1568 1130 effectus
1594 1097 1664 1128 est'.
1694 1098 1773 1128 luci-

121 1156 254 1188 dissime
277 1155 430 1187 ostendit.
455 1156 509 1196 qui
534 1159 621 1186 esset
647 1154 795 1184 sacerdos
822 1158 853 1184 et
877 1152 962 1195 quod
980 1152 1175 1183 sacrificium
1200 1162 1256 1194 pro
1282 1152 1398 1193 quibus
1425 1152 1475 1182 vel
1500 1162 1518 1181 a
1543 1160 1604 1191 quo
1631 1149 1775 1180 oblatum

121 1212 218 1240 esset.
257 1208 315 1239 Ait
333 1208 457 1239 enim&
477 1207 567 1243 'Quis
585 1217 662 1248 ergo
681 1212 744 1237 tam
767 1207 870 1236 iustus
889 1210 920 1235 et
943 1211 1073 1236 sanctus
1096 1204 1261 1237 sacerdos.
1279 1214 1373 1245 quam
1393 1204 1505 1234 unicus
1523 1202 1584 1233 Dei
1604 1202 1697 1233 filius.
1723 1202 1776 1242 qui

125 1272 188 1292 non
203 1271 283 1303 opus
298 1259 434 1291 haberet
446 1270 504 1301 per
517 1258 709 1290 sacrificium
724 1269 781 1289 sua
795 1268 933 1300 purgare
947 1265 1090 1299 peccata.
1109 1267 1168 1287 nec
1187 1257 1366 1298 originalia.
1385 1266 1444 1287 nec
1461 1256 1600 1286 humana
1615 1255 1680 1285 vita
1695 1264 1776 1295 quae

122 1313 304 1344 adduntur?
340 1311 382 1343 Et
406 1311 482 1352 quid
506 1314 573 1342 tam
597 1315 818 1351 congruenter
841 1310 881 1340 ab
908 1309 1092 1340 hominibus
1114 1314 1307 1339 sumeretur.
1334 1308 1419 1350 quod
1445 1318 1500 1350 pro
1526 1308 1571 1338 cis
1597 1307 1776 1339 offerretur.

123 1376 218 1407 quam
238 1365 379 1395 humana
397 1366 494 1394 caro?
529 1362 572 1394 Et
597 1363 672 1404 quid
698 1368 762 1393 tam
788 1366 898 1403 aptum
926 1361 1147 1393 immolationi.
1175 1371 1271 1402 quam
1296 1371 1369 1391 caro
1394 1358 1574 1390 mortalis?7
1616 1358 1658 1389 Et
1683 1358 1778 1400 paulo

123 1422 211 1460 post:
237 1416 333 1452 ‘Quid
357 1420 422 1447 tam
447 1419 540 1457 grate
565 1415 671 1446 offerri
697 1420 728 1445 et
754 1415 872 1456 suscipi
891 1414 1005 1456 possit,
1033 1404 1127 1454 quam
1154 1423 1229 1444 caro
1255 1412 1403 1443 sacrificii
1422 1412 1522 1441 nostri
1542 1422 1655 1452 (eorpus
1679 1411 1777 1441 effec-

123 1474 190 1500 tum
209 1462 389 1500 sacerdotis
407 1468 522 1498 nostri:
548 1470 580 1498 et
602 1467 752 1508 quoniam
777 1472 916 1508 quatuor
940 1465 1186 1498 considerantur
1202 1466 1234 1496 in
1252 1466 1337 1495 omni
1358 1464 1514 1494 sacrificio
1534 1482 1571 1484 —
1590 1464 1642 1493 cui
1661 1462 1777 1493 offera-

125 1526 186 1557 tur,
212 1531 231 1552 a
254 1531 316 1562 quo
340 1520 505 1557 offeratur.
531 1519 629 1560 quidc
647 1520 812 1555 offeratur.
838 1529 895 1559 pro
921 1518 1038 1559 quibus
1063 1517 1220 1548 offeratur
1246 1535 1283 1539 —
1311 1516 1396 1547 idem
1422 1517 1490 1558 ipse
1516 1526 1599 1546 unus
1618 1526 1778 1556 verusque

124 1573 283 1604 mediator
306 1583 364 1614 per
388 1571 583 1603 sacrificium
608 1572 698 1613 pacis
717 1571 931 1602 reconcilians
956 1581 1014 1601 nos
1034 1569 1114 1600 Deo.
1139 1569 1260 1600 unumd
1285 1564 1357 1600 cum
1386 1569 1439 1599 illo
1464 1568 1558 1601 foret.
1584 1567 1634 1598 cui
1660 1567 1778 1598 offere-

124 1626 189 1663 bat,
213 1636 312 1656 unum
338 1625 370 1655 in
395 1635 429 1655 se
453 1624 592 1662 faceret.
617 1634 674 1665 pro
700 1623 817 1664 quibus
843 1623 1016 1657 offerebat.
1042 1633 1125 1653 unus
1151 1623 1221 1663 ipse
1247 1627 1350 1652 esset.
1376 1620 1429 1662 qui
1455 1620 1614 1651 offerebat
1638 1624 1669 1650 et
1695 1618 1778 1660 quod

125 1675 306 1708 offerebat'.
352 1676 468 1707 Nonne
499 1676 706 1717 perspicuum
738 1680 801 1709 est.
836 1675 884 1706 his
910 1675 1017 1705 verbis
1051 1675 1139 1705 beati
1169 1674 1364 1715 Augustinie
1393 1673 1477 1703 bene
1507 1672 1698 1705 intellectis.
1731 1672 1780 1702 cui

126 1729 187 1760 hoc
204 1728 396 1759 sacrificium
415 1728 552 1760 obtulit?
586 1727 655 1758 Nisi
682 1727 764 1757 forte
791 1727 861 1768 quis
887 1727 1006 1757 audeat
1030 1726 1139 1757 dicere
1164 1726 1252 1756 aliud
1278 1736 1350 1756 esse
1375 1724 1579 1761 sacrificium.
1606 1723 1690 1765 quod
1710 1723 1780 1754 Deo

127 1781 210 1823 patri
228 1781 371 1812 oblatum
388 1784 448 1817 est,
473 1779 559 1810 aliud
576 1779 732 1820 precium,
758 1790 819 1820 quo
846 1778 1004 1819 redempti
1031 1789 1151 1809 sumus.
1192 1778 1230 1809 In
1255 1778 1404 1808 omnibus
1430 1777 1563 1811 iniuriis.
1589 1776 1781 1818 obprobriis.

127 1845 163 1864 ac
184 1833 400 1876 passionibus,
426 1843 506 1874 quas
524 1833 638 1862 unicus
657 1832 718 1862 Dei
735 1831 819 1862 filius
842 1831 993 1862 sustinuit
1018 1841 1077 1873 pro
1099 1831 1202 1861 nobis.
1229 1830 1304 1872 quid
1329 1834 1458 1871 gestum
1484 1835 1543 1860 est.
1569 1829 1629 1859 nisi
1656 1828 1782 1859 oblat-io

128 1896 185 1928 pro
210 1886 354 1928 peccatis
379 1885 506 1921 nostris,
531 1884 593 1914 nisi
618 1884 763 1925 precium
789 1883 1021 1924 redemptionis
1045 1886 1199 1914 nostrae?

232 1938 274 1969 Et
291 1938 490 1980 superfluum
511 1937 637 1968 videtur
654 1947 820 1978 quaerere.
847 1937 918 1977 quis
940 1936 1023 1967 hanc
1049 1935 1247 1967 oblationem
1272 1934 1323 1965 vel
1349 1934 1409 1964 hoc
1426 1934 1572 1975 precium
1591 1933 1783 1973 accepisset.

129 1990 204 2021 dum
228 1991 345 2022 beatus
369 1990 500 2025 Paulus.
526 1990 558 2020 in
582 1989 711 2020 tertium
738 1997 849 2030 raptus
876 1989 1016 2024 caelum.
1050 1988 1115 2018 tale
1140 1987 1180 2018 de
1206 1997 1255 2021 eo,
1282 1987 1336 2028 qui
1361 1994 1410 2017 est
1435 1985 1586 2016 sacerdos
1612 1989 1643 2015 et
1668 1984 1783 2017 hostia.

1799 266 1967 297 sot—804

131 2043 276 2084 precium
294 2046 327 2074 et
343 2043 480 2074 oblacio.
505 2042 651 2084 proferre
672 2041 893 2071 testimonium
911 2051 974 2070 non
991 2041 1108 2070 timuit.
1134 2040 1197 2081 ·qui
1216 2037 1445 2080 semetipsum'.
1465 2038 1586 2075 dicens,
1607 2046 1674 2078 'pro
1693 2036 1784 2066 nobis
1796 2048 1850 2073 ispi..
1899 2052 1918 2068 ιι.

129 2094 246 2126 obtulit
264 2094 458 2126 sacrificium
474 2093 546 2125 Deo
564 2094 595 2124 in
614 2093 747 2124 odorem
773 2091 963 2123 suavitatis'.
1004 2091 1045 2122 Et
1070 2091 1156 2133 quod
1174 2092 1241 2122 vita.
1258 2091 1383 2122 venerit
1407 2090 1446 2121 ad
1472 2094 1619 2123 mortem.
1645 2093 1785 2119 testatur

130 2147 214 2178 idem
246 2146 468 2188 Augustinusf
489 2147 521 2177 in
551 2145 811 2187 quinquagesimi
843 2145 949 2175 octavi
983 2144 1101 2186 psalmi
1134 2145 1310 2174 tractatu5:
1348 2142 1441 2178 Quid
1476 2146 1584 2172 autem
1619 2139 1784 2176 fecerunt'.

131 2199 244 2240 inquit,
269 2200 311 2230 ‘in
335 2197 486 2230 Christo?
521 2198 595 2229 Non
620 2199 728 2235 vitam⁷
755 2197 811 2228 sed
836 2201 975 2228 mortem
1000 2196 1201 2227 occiderunt.
1248 2196 1403 2226 Extincta
1429 2195 1548 2236 quippe
1575 2201 1693 2224 morte.
1720 2194 1786 2223 vita

132 2249 332 2282 resurrexit’.
378 2251 455 2293 Ipse
481 2261 557 2282 vero
583 2250 724 2281 salvator
748 2253 868 2283 noster.
896 2250 927 2279 in
953 2252 1109 2290 quantum
1134 2248 1294 2279 medicina
1319 2252 1368 2278 est
1392 2252 1423 2277 et
1449 2247 1545 2280 salus.
1572 2246 1664 2277 nobis
1689 2245 1784 2276 datus

135 2308 197 2341 est,
226 2303 309 2334 sicut
338 2302 454 2333 dicitur
477 2313 496 2333 a
519 2302 690 2344 propheta:
727 2301 838 2332 *Filius
864 2301 958 2332 datus
988 2306 1037 2332 est
1068 2300 1180 2337 nobis,
1214 2304 1247 2331 et
1270 2300 1374 2330 factus
1407 2303 1456 2329 est
1481 2299 1681 2340 principatus
1715 2298 1916 2334 eius1511i,9‚e.

137 2365 235 2397 super
258 2355 430 2386 humerum
456 2354 546 2386 eius'.
587 2354 720 2385 Scilicet
738 2353 831 2384 Isaac
857 2364 984 2384 crucem
1003 2353 1142 2394 portavit
1169 2353 1199 2383 in
1224 2351 1366 2382 humeris
1391 2350 1430 2381 ad
1448 2350 1700 2380 immolationem
1726 2350 1784 2379 sui.

131 2407 223 2439 Idem
254 2404 406 2439 sacerdes
437 2410 468 2438 et
499 2406 693 2438 sacrificium
723 2405 794 2437 Deo
830 2406 914 2447 patri
946 2416 964 2436 a
997 2405 1172 2446 semetipso
1209 2404 1336 2435 oblatus
1370 2414 1428 2444 pro
1467 2403 1572 2433 salute
1608 2408 1717 2432 nostra
1755 2402 1786 2431 in

135 2459 268 2491 odorem
285 2459 465 2490 suavitatis.
507 2458 557 2489 De
582 2469 644 2500 quo
668 2458 828 2500 propheta
846 2458 1020 2488 Dominum
1046 2457 1172 2488 iurasse
1197 2455 1290 2486 dicit:
1317 2455 1375 2485 “Iu
1402 2466 1436 2485 cs
1462 2454 1614 2485 sacerdos
1634 2455 1663 2484 in
1681 2459 1785 2484 aeter-
1800 2469 1834 2489 11..-
1847 2471 1922 2489 ΗΒΑ,

135 2522 211 2543 num
239 2510 416 2543 secundum
450 2510 596 2541 ordinem
629 2509 895 2541 Melchisedech'.
941 2509 1034 2545 Quod
1067 2509 1288 2540 testimonium
1319 2508 1433 2538 beatus
1465 2507 1646 2548 Cyprianus
1677 2505 1788 2536 doctor

239 2642 264 2668 Β)
287 2642 431 2674 Agustinus
452 2641 479 2665 P.
568 2639 591 2671 b)
617 2649 647 2665 ea
668 2640 696 2664 P.
782 2640 804 2665 θ’,
829 2641 890 2671 quid
914 2641 1042 2671 offeratur,
1069 2649 1112 2672 pru
1137 2640 1232 2671 quibus
1257 2640 1380 2662 offeratur
1406 2647 1452 2662 mu.
1475 2637 1502 2662 Ι).
1586 2635 1610 2668 ¹¹)
1631 2637 1735 2660 unicum
1760 2636 1790 2660 P.

137 2684 159 2716 θ)
179 2685 299 2716 Agustini
319 2684 349 2709 P.
421 2683 441 2716 f)
462 2685 605 2716 Agustinus
624 2683 654 2707 Γ.

242 2753 267 2784 1)
289 2752 440 2778 cassiodori
457 2752 585 2784 copositio
608 2752 637 2776 in
660 2751 753 2784 psalm.
770 2756 822 2784 110,
845 2756 860 2777 9
879 2752 958 2784 (Opp.
972 2751 1011 2777 ed.
1030 2751 1156 2775 (im-etius
1177 2750 1295 2782 mas-2).
1367 2750 1393 2778 2>
1415 2750 1440 2774 S.
1457 2748 1627 2781 Auglustinus
1650 2747 1680 2772 de
1704 2747 1792 2773 Trini-

137 2798 190 2821 tale
209 2795 241 2821 L.
258 2796 330 2822 IVe.
347 2800 376 2822 12
393 2798 409 2825 ,S
421 2800 452 2821 25
469 2796 549 2828 (Opp.
568 2795 651 2827 VIII,
667 2797 736 2825 820).
824 2795 851 2827 3)
872 2795 902 2819 ib.
917 2794 949 2820 L.
966 2794 1039 2819 ch.
1054 2798 1080 2819 13
1098 2797 1113 2823 ,φ’
1130 2797 1157 2819 17
1175 2794 1204 2820 (I.
1219 2794 1234 2818 I.
1248 2793 1294 2818 col.
1310 2794 1378 2824 621).
1466 2793 1493 2823 4)
1513 2792 1539 2817 S.
1559 2791 1727 2823 Augustinus·
1747 2791 1762 2816 I.
1776 2791 1792 2816 l.

139 2839 172 2865 L.
190 2840 232 2865 W
240 2848 259 2865 c.
278 2845 304 2865 14
323 2842 338 2871 ,ξ
355 2844 381 2865 111
400 2840 456 2865 scol.
470 2844 537 2871 52:11).
610 2839 635 2869 5)
655 2839 803 2871 Altyztstini
822 2840 958 2864 enarratio
978 2839 1004 2862 ιἰι
1021 2838 1114 2870 psalm.
1130 2841 1171 2868 515,
1191 2845 1272 2861 sermo
1294 2836 1327 2861 Il
1343 2840 1430 2868 ⁶711).st
1450 2836 1534 2867 (01³1).
1551 2834 1600 2867 IV,
1614 2836 1677 2867 571).
