2089 3171
338 194 397 222 492
812 190 989 215 APPENDIX
1012 190 1058 214 AD
1079 190 1224 216 ALOYINI
1246 190 1447 216 prs'roin-xs.
1486 192 1507 216 »1,

177 281 247 318 post
265 278 352 307 som
380 278 560 308 dicentibus
586 277 764 307 audivimus
791 288 859 306 cam
889 277 994 307 Albini
1026 277 1169 316 magistri
1196 278 1311 307 fuisse.
1342 278 1424 318 quod
1450 288 1508 308 nec
1532 278 1702 309 adfirmare
1729 289 1787 309 nec
1812 279 1973 320 denegare

338 329 492 360 volumus.
552 331 641 363 Quae
672 339 746 358 vero
782 339 822 358 ex
857 339 894 358 ca
924 329 1097 358 memoriae
1133 329 1443 361 commendavimus,
1477 330 1551 359 licet
1579 330 1649 359 aliis
1675 330 1797 362 verbis.
1823 341 1973 362 enarrare

311 374 509 410 studemus.
557 380 648 410 l'rins
673 380 810 420 petimus
835 379 1041 409 dilectionem
1068 384 1217 411 vestram.
1243 384 1277 410 nt
1302 391 1364 410 non
1388 390 1438 410 me
1464 381 1704 421 compilatorem
1728 385 1873 412 veterum
1899 393 1971 413 esse

186 642 251 661 >larun
272 645 319 662 41.

335 433 449 462 dicatis
486 435 517 462 et
553 431 592 461 ob
627 431 656 461 id
692 432 868 472 praefatam
902 432 1068 472 epistolam
1100 431 1271 462 ostendere
1306 432 1462 464 noluisse.
1494 433 1549 462 sed
1580 443 1637 473 pro
1666 433 1839 464 ambitione
1871 445 1971 464 vanae

334 484 455 524 gloriae
487 487 615 513 servato
647 494 745 513 sensu
779 483 878 513 verba
908 486 1058 513 mutasse.
1114 483 1269 513 Profiteor
1297 484 1380 513 enim
1411 484 1500 514 vobis
1532 484 1638 514 aliena
1671 495 1743 515 esse
1779 485 1862 526 quod
1890 486 1970 516 dico.

334 535 536 565 Anctoritatc
562 535 647 565 enim
672 535 827 564 canonica
851 534 910 564 XL
935 538 1062 575 tempus
1089 535 1226 575 qualiter
1256 539 1310 564 ant
1339 545 1436 575 quare
1470 534 1673 576 adsumptum
1699 537 1749 572 sit,
1775 540 1972 578 compertum

334 586 476 620 habetis,
507 586 591 627 qnod
628 586 737 626 utique
768 589 897 616 sanctus
927 590 959 616 et
988 586 1138 627 egregins
1171 586 1283 617 doctor
1317 586 1491 627 Gregorius
1525 587 1553 617 in
1585 587 1743 618 lectionea
1769 589 1971 629 evangelica:

335 637 469 667 ‘Ductus
494 642 542 668 est
566 637 657 667 lesus
681 639 710 667 in
737 637 898 668 desertum
924 638 963 668 ab
990 637 1112 678 spiritu'
1139 638 1307 668 evidenter
1331 639 1513 679 exposuit1.

439 689 604 719 Statuistis
630 690 713 720 enim
740 689 1012 730 interrogandum.
1039 700 1094 720 cur
1119 690 1167 720 vel
1187 700 1249 730 qna
1266 689 1387 720 ratione
1407 691 1675 731 quinquagesima
1693 701 1750 721 seu
1767 692 1971 732 sexagesima

335 741 384 771 vel
410 741 505 771 etiam
531 742 766 781 septuagesima
794 741 919 772 dicatur
942 752 1064 771 necnon
1091 745 1122 771 et
1147 752 1204 782 per
1222 745 1365 772 sanctam
1387 742 1559 772 ecclesiam
1577 742 1806 773 celebraretur.
1853 743 1970 784 Liquet

334 803 460 833 quoqne
487 792 570 833 qnod
590 793 632 822 Vl
661 792 878 824 ebdomadae.
905 793 1020 833 quibus
1046 805 1079 823 sc
1105 798 1216 823 sancta
1241 793 1380 823 ccclesia
1404 794 1620 824 abstinentiae
1653 794 1831 826 dedicavit.
1856 795 1916 826 XL
1941 799 1973 826 et

334 844 365 874 ΙΙ
391 844 459 875 dies
484 845 613 875 habent.
662 844 725 875 Sed
751 845 925 875 subtractis
950 845 989 875 de
1014 846 1213 875 abstinentia
1238 856 1296 876 sex
1322 845 1436 875 diebus
1460 844 1629 875 dominicis
1646 845 1742 876 XXX
1760 850 1791 876 et
1807 846 1854 876 VI
1880 848 1971 888 quasi

332 896 503 926 decimatio
529 897 602 926 anni
626 899 794 926 remanent
819 896 992 933 ieiunandi,
1018 897 1157 938 illaeque
1183 897 1382 927 ebdomadae
1407 897 1483 927 licet
1501 897 1653 929 habeant,
1678 902 1711 927 ut
1736 897 1886 936 diximus,
1911 898 1970 929 XL

332 951 363 977 et
388 947 466 979 duos
492 948 571 983 dios,
597 947 878 989 quadragesimam
905 952 1013 979 tamen
1039 949 1158 979 sanctis
1190 949 1336 990 patribus
1366 949 1487 990 placuit
1515 949 1692 989 appellare.
1739 948 1864 980 Deinde
1888 952 1970 981 tem-

332 1000 465 1041 poribus
498 1000 562 1030 snis
592 999 827 1041 Thelesperus,
862 1000 912 1040 qni
945 1010 1048 1030 nonus
1080 1004 1153 1041 post
1182 1000 1315 1030 Petrum
1349 1000 1526 1041 principem
1557 1001 1777 1040 apostolorum
1801 1001 1832 1031 in
1858 1006 1969 1033 sancta

331 1052 408 1083 sede
438 1052 602 1082 Romanae
635 1052 793 1082 ecclesiae
823 1053 927 1082 clarus
959 1052 1150 1085 lrabebaturu
1177 1052 1343 1082 constituit
1367 1052 1433 1081 suis
1458 1051 1611 1082 diocesiis
1642 1062 1700 1093 per
1722 1056 1846 1093 septem
1871 1053 1970 1084 ebdo-

330 1103 441 1134 madas
466 1103 695 1134 abstinentiam
721 1103 911 1134 observare:
938 1103 1021 1144 qnod
1047 1103 1152 1134 adhuc
1179 1104 1294 1134 multos
1313 1104 1419 1133 facere
1443 1113 1507 1133 non
1524 1103 1719 1143 ignoramus,
1744 1114 1826 1144 quae
1850 1104 1971 1136 habent

330 1165 432 1196 aeque
458 1154 524 1185 dies
549 1155 790 1196 qninquaginta.
838 1155 930 1190 Quod
955 1159 1082 1196 tempus
1107 1159 1182 1185 tnnc
1200 1155 1349 1185 fidelibus
1367 1154 1513 1185 duabusb
1532 1165 1572 1185 ex
1591 1155 1696 1185 causis
1714 1155 1832 1186 Lmam
1849 1156 1972 1197 placuit

329 1207 504 1247 appellare,
530 1206 579 1237 vel
605 1207 678 1247 quia
703 1207 732 1237 in
759 1207 870 1237 ordine
895 1207 1000 1237 Linus
1025 1217 1178 1237 numerus
1196 1212 1268 1248 post
1285 1207 1437 1237 XLmuin
1462 1207 1493 1236 in
1512 1207 1672 1237 locutione
1690 1207 1814 1248 vulgari
1833 1212 1969 1242 constat.

330 1259 378 1289 vel
404 1259 478 1300 quia
503 1258 620 1289 exinde
646 1259 671 1288 L
695 1258 764 1289 dies
790 1262 863 1289 sunt
888 1269 988 1299 usque
1013 1259 1044 1289 in
1069 1263 1214 1289 sanctam
1240 1258 1482 1289 resurrectionis
1508 1258 1603 1289 diem.

429 1310 515 1340 Ecce
541 1309 678 1345 habetis
702 1310 787 1340 unde
812 1310 897 1340 dicta
922 1314 971 1341 est
995 1310 1092 1347 Lma,
1117 1310 1173 1341 sed
1198 1311 1279 1341 forte
1304 1314 1451 1341 movetur
1475 1310 1632 1341 industria
1650 1314 1767 1347 vestra,
1793 1322 1848 1342 cur
1872 1323 1966 1354 prae-

329 1362 431 1392 dictus
460 1361 570 1403 patertl
583 1361 801 1403 Thelesperus
826 1361 852 1391 L
882 1362 950 1393 dies
985 1362 1129 1393 traderet
1158 1362 1380 1394 abstinendos.
1435 1362 1499 1393 Sed
1532 1362 1618 1392 dicta
1644 1363 1735 1392 istius
1760 1363 1969 1395 manifestant

329 1424 401 1444 eum
426 1417 536 1454 typum
560 1413 691 1443 Domini
717 1416 749 1443 et
773 1413 987 1455 redemptoris
1013 1414 1141 1449 mundi,
1167 1414 1197 1444 in
1223 1418 1377 1455 quantum
1402 1418 1509 1455 potest
1533 1413 1674 1444 humana
1697 1414 1871 1455 fragilitas,
1896 1416 1967 1446 imi-

327 1466 408 1495 taric
440 1465 595 1499 voluisse,
630 1466 681 1506 qui
712 1465 743 1495 in
775 1476 907 1506 corpore
937 1465 1071 1496 densam
1103 1465 1282 1506 adsumpsit
1311 1470 1474 1499 naturam,
1506 1465 1565 1496 XL
1595 1465 1707 1496 diebus
1740 1467 1898 1498 continuis
1928 1468 1968 1498 ab

328 1517 466 1547 humano
491 1517 571 1557 cybo
596 1517 760 1548 ieiunavit.
808 1518 835 1547 A
853 1517 1025 1559 praedictis
1050 1518 1167 1548 etenim
1187 1518 1211 1547 L
1236 1517 1362 1551 diebus,
1388 1518 1412 1547 si
1438 1522 1509 1547 octo
1534 1517 1603 1547 dies
1627 1517 1804 1548 dominicos
1829 1518 1868 1549 de
1892 1519 1964 1549 abs-

327 1569 465 1599 tinentia
494 1569 707 1603 retraxeritis,
742 1568 800 1599 XL
834 1574 865 1599 et
896 1569 958 1599 dno
989 1570 1205 1600 abstinentiae
1231 1569 1436 1610 deputantur.
1486 1569 1550 1599 Sed
1576 1569 1619 1599 illi
1645 1569 1723 1607 duo,
1754 1571 1805 1611 qui
1831 1570 1967 1612 quadra-

326 1620 493 1661 genarium
525 1631 692 1651 numerum
724 1621 904 1657 excedunt‚
933 1632 1083 1662 magnum
1115 1622 1145 1651 in
1171 1632 1204 1652 se
1231 1622 1395 1651 continent
1420 1624 1668 1651 sacramentum.
1715 1621 1859 1656 Quorum
1883 1623 1969 1664 prior

328 1683 404 1709 cena
428 1672 569 1704 Domini.
594 1673 675 1702 alter
701 1683 776 1703 vero
802 1676 947 1703 sanctum
973 1673 1144 1703 sabbatum
1169 1673 1361 1703 nominatur.
1410 1672 1498 1707 Quos
1523 1672 1619 1702 licetd
1637 1683 1778 1703 canones
1801 1673 1966 1705 abstinen-

327 1723 621 1765 dossssconstituant,
655 1728 762 1754 tamen
796 1727 925 1765 propter
950 1728 1186 1754 sacramentum
1213 1735 1304 1754 suum
1329 1724 1422 1755 valde
1457 1724 1593 1754 caeteris
1619 1724 1787 1755 liberiores
1812 1725 1966 1757 existunt.

430 1775 636 1806 Postmodum
667 1787 742 1806 vero
771 1776 968 1806 Melchiadcs
1003 1777 1146 1817 pontifex
1177 1777 1310 1806 natione
1335 1776 1425 1812 Afer.r
1451 1776 1503 1816 qni
1528 1776 1710 1806 tricesimus
1735 1779 1868 1817 quartus
1891 1782 1966 1818 post

328 1832 473 1858 sanctum
487 1828 618 1858 Petrum
637 1829 667 1858 in
684 1828 830 1858 Romana
848 1828 983 1858 ecclesia
1003 1829 1200 1869 apostoliens
1219 1828 1287 1860 fuit.
1304 1828 1354 1858 bic
1372 1828 1546 1861 constituit,
1565 1831 1599 1857 nt
1616 1838 1709 1858 nemo
1727 1833 1967 1868 praesumerete

328 1881 357 1910 in
391 1881 491 1921 prima
520 1881 569 1909 vel
605 1881 634 1910 in
668 1880 778 1920 quinta
806 1880 887 1911 feria
918 1881 1071 1911 ieiunium
1106 1891 1219 1921 agere:
1258 1881 1288 1910 in
1324 1881 1427 1921 prima
1463 1883 1591 1921 propter
1630 1878 1821 1910 dominicam
1859 1891 1965 1912 resur-

327 1932 518 1963 rectionem:
545 1932 574 1961 in
600 1932 720 1972 quinta,
746 1932 820 1972 quia
844 1932 874 1961 in
901 1942 939 1961 ea
964 1932 1089 1969 cenavit
1106 1931 1264 1962 Dominus
1283 1942 1353 1962 curn
1372 1931 1539 1972 discipulis
1558 1931 1623 1961 suis
1647 1934 1678 1961 et
1696 1931 1809 1961 eadem
1827 1931 1967 1972 gloriosa

327 1987 376 2014 est
401 1984 588 2014 ascensione
615 1983 799 2015 honoratus.
847 1983 936 2014 Tunc
961 1984 1082 2024 placuit
1099 1983 1262 2019 fidelibus,
1279 1989 1314 2013 ut
1337 1987 1408 2013 octo
1426 1982 1624 2013 ebdomadas
1641 1982 1760 2013 ieiunio
1778 1983 1967 2015 dedicarent

326 2039 357 2065 ct
382 2036 515 2076 primam
541 2035 731 2065 dominicam
757 2034 909 2065 LXmam
934 2036 1153 2066 nominarent:
1180 2045 1242 2065 non
1268 2039 1400 2076 propter
1424 2035 1674 2074 sexagenarium
1698 2033 1824 2065 dierum
1849 2045 1962 2066 nume-

327 2097 405 2118 rum.
431 2087 513 2116 sicut
538 2097 635 2128 supra
659 2087 776 2117 Lmam
802 2097 820 2116 a
844 2087 1119 2127 quinquagenario
1139 2086 1261 2117 dierum
1287 2096 1422 2116 numero
1447 2085 1604 2127 appellari
1622 2096 1715 2126 posse
1733 2085 1884 2123 diximus,
1909 2086 1966 2117 sed

326 2141 458 2178 propter
482 2148 572 2168 nsum
598 2138 767 2168 locutionis
792 2142 934 2173 nostrae,
959 2139 1033 2179 quia
1057 2139 1139 2168 sicut
1164 2138 1222 2168 XL
1233 2149 1284 2168 mo
1309 2148 1441 2168 numero
1459 2137 1485 2167 L
1496 2148 1566 2167 mus
1593 2137 1636 2167 ita
1652 2137 1790 2168 LXmus
1814 2137 1965 2169 LXXmo

326 2201 456 2219 numero
482 2193 651 2231 coaptatur
674 2200 825 2229 congrue.
866 2190 893 2219 Α
918 2189 1037 2220 LXma
1062 2201 1199 2231 namque
1225 2200 1326 2231 nsque
1352 2190 1382 2219 in
1409 2189 1584 2220 secundum
1610 2189 1694 2219 diem
1721 2190 1966 2221 resurrectionis

327 2242 548 2282 l‘)‹›minijoct0
575 2244 657 2279 sunt,
682 2244 716 2271 ut
740 2241 891 2277 diximus,
918 2241 1130 2271 ebdomadae.
1186 2241 1211 2271 1⁴}
1237 2241 1353 2282 quibus
1386 2241 1521 2281 singulis
1553 2241 1578 2271 si
1604 2241 1739 2282 primam
1766 2245 1797 2271 et
1822 2241 1966 2282 quintam

323 2294 447 2327 feriam,
473 2297 507 2323 ut
532 2303 666 2333 magnus
690 2292 837 2334 pontifex
854 2292 1052 2323 Melcbiades
1078 2293 1252 2326 constitnit,
1279 2293 1318 2323 de
1343 2292 1541 2323 abstinentia
1565 2293 1776 2329 subtraxeris,
1802 2296 1834 2323 et
1858 2293 1963 2334 ipsum

323 2345 407 2375 diem
433 2348 578 2375 sanctum
602 2345 799 2385 paschalem.
823 2344 882 2374 XL
894 2348 927 2374 ta
951 2348 1060 2374 tamen
1077 2343 1147 2373 dies
1165 2347 1333 2374 remanent
1351 2343 1535 2374 abstinendi
1555 2343 1593 2373 ad
1618 2344 1828 2374 imitationem
1846 2344 1964 2375 domini

324 2397 421 2426 nostri
455 2397 526 2426 lesu
553 2395 681 2426 Christi.
730 2395 911 2426 LXXmam
944 2405 1082 2435 namque
1118 2395 1189 2424 idco
1222 2407 1236 2425 a
1265 2395 1413 2425 fidelibus
1438 2396 1539 2425 fertur
1564 2395 1731 2433 celebrari,
1766 2398 1800 2425 ut
1823 2394 1964 2426 decimas

323 2447 445 2478 dierum
473 2448 541 2477 Deo
566 2447 715 2480 reddere,
748 2452 774 2476 el
811 2447 1032 2477 nichilominus
1065 2447 1197 2488 primam
1224 2451 1255 2477 ct
1280 2448 1423 2488 quintam
1449 2457 1574 2476 necnon
1600 2450 1631 2476 et
1657 2447 1826 2487 septimam
1851 2446 1964 2477 feriam

323 2500 430 2529 ieiunii
456 2501 578 2540 possint
603 2500 706 2539 rigore
733 2500 852 2529 laxare.
901 2499 925 2528 Α
955 2498 1104 2528 Lxxma
1132 2498 1249 2539 qnippe
1274 2509 1375 2539 nsque
1411 2499 1441 2528 in
1474 2499 1596 2540 pascha
1619 2509 1735 2528 novem
1761 2497 1961 2529 ebdomadae

321 2556 392 2581 sunt
423 2562 504 2592 quac
541 2553 661 2581 faciunt
692 2551 745 2581 LX
775 2556 805 2580 et
845 2550 950 2580 llllor
981 2550 1060 2580 (lios.
1120 2550 1166 2579 Ex
1201 2550 1316 2591 quibus
1346 2551 1370 2580 si
1403 2550 1442 2580 de
1474 2561 1666 2590 unaquaque
1692 2549 1871 2580 ebdomada
1896 2554 1961 2581 tres

422 2701 444 2722 ¹¹)
465 2699 554 2723 lection
576 2699 625 2723 T*.
727 2698 750 2719 ΙΝ
770 2699 869 2721 dnobus
891 2697 934 2721 ΤΧ
1034 2703 1055 2723 ¹¹1
1076 2699 1095 2721 ri
1116 2708 1127 2721 e
1147 2708 1212 2721 vorsu
1233 2698 1257 2721 in
1279 2707 1328 2721 rus.
1349 2699 1383 2722 al.
1405 2707 1471 2722 man.
1492 2698 1536 2722 T&
1637 2696 1660 2724 ¹⁷¹)
1681 2698 1741 2722 libet
1759 2697 1808 2724 T*.·
1826 2698 1885 2722 licet
1903 2697 1958 2722 edd.

321 2747 342 2763 ³²1
365 2750 509 2773 presunwre
523 2742 532 2772 ΙΙ
546 2748 581 2765 rot
603 2742 647 2766 T‘.

427 2820 447 2842 l«
473 2817 610 2843 Humilim:
633 2819 646 2842 l.
664 2819 685 2842 J.
706 2818 770 2843 lemn,
792 2822 816 2842 Ιιῐ
835 2818 913 2850 (Ulm-
935 2817 990 2843 ΝΜ,
1012 2818 1144 2843 Romanii—t.
1165 2818 1182 2844 Ι,
1201 2823 1280 2842 Ι-ΙμΙή
1303 2822 1380 2843 Ι-Ιενῑῑ).

2000 754 2023 771 10

1999 1014 2020 1032 15

1997 1275 2021 1293 ‘20

1994 1790 2019 1810 30

1991 2049 2015 2068 ³5

1991 2309 2016 2327 ⁴0

1989 2567 2014 2585 45
