2089 3171
69 694 92 712 10

66 954 90 972 15

63 1474 88 1493 25

63 1737 88 1756 ³0

63 1996 88 2016 ³5

61 2559 86 2578 45

63 2801 88 2820 50

706 128 856 154 ALCVIM
875 128 1086 155 EPISTOLAE.
1125 131 1181 156 166.
1715 133 1770 162 271

121 217 263 247 fraterna
288 226 338 246 me
364 215 503 256 cogebat
528 215 646 246 caritas
671 218 797 246 vestrae
823 214 964 256 dirigere
989 217 1214 248 excellentiae.
1243 222 1353 248 vestra
1379 218 1587 249 sanctissima
1612 218 1775 248 humilitas
1810 219 1870 246 799

121 268 266 310 recipere
297 278 361 299 non
392 266 615 308 dedignetur-¹.
663 266 810 297 Audiens
841 278 915 298 vero
947 268 1076 309 saepius
1109 269 1226 300 bonam
1262 271 1380 301 famam
1410 271 1583 311 religiosae
1619 271 1703 301 vitae
1735 270 1774 301 de

121 319 221 357 vobis,
240 319 312 350 ideo
330 318 503 350 instinctus
520 329 630 350 amore
648 319 811 350 fraternae
829 318 1020 353 dilectionis,
1039 330 1089 350 me
1108 320 1214 361 ipsum
1230 321 1259 351 in
1278 326 1365 352 tuam
1380 322 1548 353 caritatem
1567 321 1775 363 fideliumque

121 375 259 408 tuorum.
284 371 353 401 Deo
372 371 582 402 servientium
606 371 637 401 in
662 371 725 402 illis
744 371 899 412 partibus.
926 371 1153 402 commendare
1171 373 1295 403 curavi:
1321 373 1418 403 etiam
1445 378 1476 404 et
1501 373 1579 403 illud
1597 373 1775 414 deprecari.

121 426 157 453 ut
182 423 306 454 cautius
331 433 410 463 agas
435 422 475 453 de
501 422 606 453 salute
630 423 758 454 animae
783 426 857 454 tuae
883 426 1078 463 tuorumque
1105 422 1318 455 subditorum.

228 474 322 505 Licet
345 474 511 516 praefatus
541 474 682 505 famulus
707 474 769 505 Dei
793 474 888 506 Felix
917 473 1074 505 laudabili
1100 475 1165 505 vita
1189 476 1276 506 vivat
1301 486 1410 506 coram
1436 476 1631 508 hominibus.
1657 481 1774 508 tamen.

120 530 155 557 ut
171 525 308 563 videtur,
333 526 364 556 in
390 526 498 557 multis
523 526 702 558 catholicae
727 526 802 558 fidei
826 526 1050 568 professione‘¹
1075 537 1138 557 non
1158 527 1286 557 omnino
1312 528 1453 569 pleniter
1478 532 1604 569 patrum
1630 529 1775 570 sequitur

119 579 326 610 sententiam.
374 577 416 608 Et
441 578 505 608 noli
531 578 692 609 confidere
722 578 761 609 de
793 579 896 619 spetie
929 578 1083 609 bonitatis
1109 578 1206 610 illius.
1255 579 1450 610 Maledictus
1476 581 1560 610 enim
1587 581 1691 611 homo.
1722 580 1825 621 quiles·
1845 590 1874 609 ιῑ,

119 629 250 661 confidit
273 630 305 660 in
328 629 469 661 homine.
517 629 581 661 Sed
614 630 717 671 magis
749 640 839 671 spem
866 634 953 660 tuam
983 640 1065 671 pone
1098 630 1129 660 in
1159 630 1402 672 omnipotente¹'
1427 631 1507 662 Deo.
1541 638 1571 663 et
1597 632 1774 673 deprecare

121 682 211 713 illum
230 682 280 713 die
305 686 479 723 noctuque.
505 693 544 713 ne
571 683 611 713 sit
636 682 741 713 inanis
766 682 858 713 labor
881 685 956 712 tuus
982 682 1014 712 in
1033 687 1212 723 conspectu
1238 682 1334 714 illius,
1361 687 1392 713 et
1418 688 1451 713 ut
1476 683 1571 714 fidem
1598 685 1775 714 firmatamc

119 734 270 775 omnique
301 734 462 765 ecclesiae
488 733 608 764 Christi
639 734 808 775 probatam
838 738 962 764 teneas.
1000 732 1139 764 Yidetur
1168 734 1252 764 enim
1284 733 1508 775 condignum‘l.
1540 739 1575 765 ut
1606 746 1775 766 commune

118 785 260 816 omnium
291 795 519 816 conservorum
551 789 678 816 tuorum
709 796 806 827 prece
838 790 869 816 te
901 789 1002 816 totum
1035 788 1224 816 convertas⁰
1256 785 1296 815 ad
1322 785 1497 816 Dominum
1531 790 1562 817 ct
1591 786 1774 828 depreceris

118 837 324 869 clementiam
359 837 460 868 illius.
499 842 660 879 quatenus
697 838 728 868 in
763 837 826 868 fide
860 841 947 868 recta
986 837 1153 868 confirmet
1189 837 1285 868 corda
1317 842 1440 869 vestra:
1477 842 1511 869 ut
1544 839 1630 869 nullo
1668 850 1775 870 errore

117 889 301 931 decipiaris,
326 900 385 920 nce
410 890 495 920 ullus
520 889 560 920 ad
586 894 617 920 te
643 891 809 931 pertinens
827 889 1040 931 vagabundus
1064 900 1080 920 a
1107 889 1251 920 veritatis
1278 890 1327 920 via
1353 889 1472 921 deviet.
1514 890 1583 921 Erit
1608 891 1691 921 enim
1718 892 1775 922 tibi

119 941 262 972 maxima
290 941 434 973 mercesf
462 941 547 983 apud
579 941 685 973 Deum
716 941 983 982 omnipotentem.
1017 941 1043 971 si
1075 945 1222 972 errantes
1256 942 1449 972 correxeris.
1482 942 1507 972 si
1540 943 1668 973 veritati
1700 953 1773 973 con-

117 994 277 1028 sentieris.
302 994 329 1024 si
346 993 512 1024 humiliter
535 993 654 1035 legeris
673 997 858 1024 sanctarum
883 993 1114 1034 scripturarum
1139 993 1255 1024 series:
1283 994 1386 1034 magis
1405 993 1595 1024 desiderans
1620 995 1776 1024 veraciter

116 1045 246 1077 veritati
271 1045 436 1083 oboedire.
469 1055 564 1086 quam
596 1045 806 1087 pertinaciter
836 1048 926 1076 tuam
952 1046 1002 1076 vel
1034 1045 1209 1076 cuiuslibet
1238 1046 1372 1076 alterius
1405 1046 1534 1077 firmare
1568 1047 1775 1077 sententiam.

114 1097 235 1130 Parata
252 1101 302 1129 est
319 1098 404 1129 enim
429 1097 652 1129 misericordia
677 1097 907 1139 omnipotentis
927 1097 1013 1128 Deig
1038 1102 1110 1129 tuas
1128 1097 1274 1139 recipere
1300 1108 1426 1139 preces.
1453 1098 1479 1128 si
1505 1108 1614 1129 amore
1632 1099 1774 1129 veritatis

118 1149 344 1192 cognoscendo
369 1149 522 1181 effuderis
547 1161 614 1181 eas.

225 1202 410 1233 Potuissem
447 1202 556 1243 itaque
597 1202 704 1233 multis
744 1202 938 1233 testimoniis
978 1210 1162 1233 sanctarum
1201 1202 1436 1244 scripturarum
1475 1206 1505 1233 ct
1544 1202 1774 1232 catholicorum

115 1254 281 1286 doctorum
314 1254 443 1296 scriptis
474 1253 611 1295 probare
644 1254 753 1285 Iesum
780 1254 947 1285 Christum
977 1253 1141 1284 dominum
1174 1257 1331 1288 nostrum.
1365 1254 1418 1294 qui
1449 1265 1490 1285 ex
1526 1254 1650 1295 virgine
1680 1260 1775 1285 natus

116 1310 176 1346 est⁷
199 1306 307 1337 Deum
332 1316 405 1337 esse
422 1315 534 1336 verum
559 1309 591 1336 et
614 1305 715 1336 filium
733 1305 795 1337 Dei
818 1306 1000 1347 proprium:
1027 1305 1085 1337 sed
1111 1306 1249 1347 sapienti
1275 1317 1379 1348 pauca
1403 1306 1577 1337 suffieere'2
1602 1306 1718 1337 sciens.
1744 1310 1776 1337 et

115 1357 238 1400 magish
255 1368 411 1389 sensuum
429 1358 557 1388 veritati
575 1357 735 1389 arbitrans
761 1362 793 1388 te
812 1357 982 1389 intendere
1001 1368 1097 1399 quam
1124 1368 1314 1389 sermonum
1332 1359 1602 1400 multiplicatione
1619 1358 1774 1399 gaudere.

116 1410 222 1445 eredo,
247 1409 366 1454 domini
392 1410 491 1441 nostri
508 1409 584 1440 Iesu
603 1409 724 1440 Christi
749 1409 1050 1441 misericordissima
1076 1410 1181 1451 pietas
1200 1410 1299 1441 faciat
1324 1415 1355 1442 te
1374 1412 1543 1442 veritatem
1569 1411 1772 1452 intellegere,

117 1463 142 1494 si
166 1462 331 1494 humiliter
355 1473 427 1493 eam
445 1472 600 1503 quaerere
627 1462 756 1492 insistis.
797 1462 881 1498 Quia
898 1462 1011 1496 omnis.
1037 1462 1090 1504 qui
1115 1473 1149 1493 se
1168 1462 1324 1493 humiliat.
1351 1462 1563 1493 exultabitur:
1591 1467 1621 1493 et
1644 1462 1772 1493 humili-
1786 1471 1838 1491 Luc.
1853 1474 1880 1492 ιι.
1899 1474 1928 1491 ιι.

115 1515 191 1546 tatis
216 1513 368 1557 passibus
393 1513 433 1544 ad
458 1514 610 1544 caelestis
636 1514 728 1555 regni
753 1514 958 1545 altitudinem
984 1515 1182 1555 pervcnitur.

222 1566 297 1598 Una
321 1565 419 1597 debet
450 1576 524 1597 esse
556 1566 696 1597 ecclesia
721 1566 843 1597 Christi
875 1570 943 1596 toto
968 1566 1045 1597 orbe
1070 1566 1187 1596 diffusa
1220 1566 1252 1597 in
1278 1566 1340 1597 tide
1373 1572 1404 1598 et
1429 1568 1575 1598 caritate.
1624 1566 1728 1597 Unum
1756 1578 1772 1597 c

114 1618 258 1650 duobus:
287 1621 343 1649 aut
366 1618 398 1648 in
422 1621 489 1649 toto
515 1617 634 1648 mundo
660 1621 709 1648 est
733 1618 874 1649 ecclesia
899 1617 1020 1648 Christi
1051 1628 1148 1659 supra
1173 1621 1298 1659 petram
1324 1618 1469 1650 fundata.
1495 1623 1529 1649 ut
1554 1618 1715 1649 credimus
1741 1623 1772 1649 et

115 1670 322 1706 confitemur;
347 1672 402 1700 aut
419 1669 531 1700 etiami
556 1669 586 1700 in
604 1669 739 1700 Felieek
763 1673 795 1701 et
819 1670 885 1700 suis
911 1669 1022 1711 paucis
1048 1669 1263 1701 sectatoribus
1274 1670 1297 1702 3.
1337 1670 1430 1706 Quod
1450 1671 1578 1702 omnino
1604 1670 1772 1711 indignum

116 1726 167 1754 est
191 1721 320 1754 Christo
346 1721 406 1752 deo
430 1725 552 1759 nostro.
582 1721 629 1752 utl
654 1721 765 1763 plures
790 1732 854 1753 non
879 1721 1001 1753 habeat
1024 1722 1056 1752 in
1081 1722 1166 1753 ovile
1196 1733 1254 1752 suo
1279 1733 1375 1764 quam
1399 1723 1471 1754 illos
1498 1733 1631 1765 paucos.
1663 1723 1715 1763 qui
1741 1723 1772 1752 in

114 1774 276 1806 montanis
306 1774 434 1805 latitant
460 1784 531 1804 cum
557 1773 677 1805 Felice.
725 1773 774 1803 Tu
800 1784 888 1808 vero.
914 1774 960 1804 vir
984 1773 1055 1805 Deo
1081 1774 1187 1805 electe
1214 1778 1245 1805 et
1269 1774 1396 1807 dilecte.
1423 1778 1453 1806 tc
1478 1776 1584 1817 ipsum
1610 1785 1681 1805 cum
1708 1774 1770 1805 tuis

113 1827 267 1858 consotiis
290 1826 467 1857 universali
486 1826 646 1857 ecclesiae
665 1825 784 1856 Christi
803 1825 980 1866 coniunge.
1006 1830 1040 1856 ut
1058 1826 1102 1861 sis
1120 1826 1302 1857 membrum
1329 1827 1520 1858 honorabile
1538 1827 1625 1857 illius
1644 1827 1768 1868 capitis.

113 1879 167 1921 qui
190 1889 247 1921 pro
265 1882 296 1910 te
315 1889 407 1909 suum
433 1878 625 1919 sanguinem
643 1877 779 1908 fundere
805 1888 868 1908 non
886 1877 1119 1918 dedignavit¹¹¹;
1146 1879 1340 1919 recogitans=
1367 1884 1520 1920 quantum
1539 1880 1599 1910 erit
1617 1879 1809 1920 gaudiumib.
1829 1891 1857 1908 15.
1874 1890 1893 1907 v.

114 1931 147 1962 in
171 1931 271 1962 caelis
301 1940 400 1972 super
427 1935 515 1961 uno¹1
545 1934 755 1972 peccatore0.
771 1930 985 1971 penitentiam
1015 1933 1165 1970 agentev.
1213 1930 1286 1960 Non
1312 1931 1384 1961 dico
1410 1935 1440 1961 tc
1472 1935 1686 1973 peccatorem.
1714 1929 1770 1960 scd

116 1982 389 2025 praedicatorem;
407 1982 647 2014 confessoremq
666 1982 796 2013 Christi.
815 1992 879 2012 non
897 1987 1099 2012 aversoremr
1122 1981 1214 2013 fidei:
1240 1983 1405 2013 lucernam
1424 1993 1522 2025 super
1540 1982 1769 2013 candelabrum
1782 1990 1858 2010 natm.
1871 1994 1889 2012 r..
1904 1995 1933 2012 ιε..

113 2035 262 2077 positam,
286 2039 322 2066 ut
345 2036 453 2067 luceat
478 2035 637 2073 omnibus.
663 2036 716 2076 qui
741 2035 771 2065 in
798 2034 893 2065 domo
918 2034 981 2065 Dei
1005 2038 1088 2065 sunt.

220 2086 327 2118 Etiam
353 2090 402 2118 et⁵
426 2087 457 2117 in
484 2087 542 2118 hoc
568 2091 642 2118 tuac
676 2087 902 2118 sanctissimae
927 2086 1087 2117 voluntati
1113 2086 1264 2118 obnixius
1292 2087 1429 2118 suadere
1456 2093 1559 2118 ratum
1587 2087 1705 2128 putavi.
1736 2092 1770 2116 ut

113 2138 252 2170 eundem
274 2139 377 2170 virum
402 2139 626 2171 venerabilem
644 2139 787 2170 Felicem
813 2139 876 2169 tuis
902 2139 1023 2169 sanctis
1048 2138 1199 2180 precibus
1223 2144 1255 2170 et
1281 2139 1482 2170 suavissimis
1508 2138 1769 2180 suggestionibus

114 2194 306 2223 convertere
337 2191 377 2222 ad
402 2191 581 2222 catholicae
607 2190 681 2221 fidei
706 2191 864 2222 unitatem
890 2195 922 2221 et
947 2191 1119 2222 veritatem
1152 2191 1290 2222 nitaris²¹
1337 2191 1458 2222 Fidelis
1484 2195 1532 2221 est
1558 2191 1642 2221 enim
1667 2190 1768 2221 Deus.

115 2243 187 2285 pius
213 2247 244 2274 et
266 2244 462 2281 misericors,
492 2244 545 2285 qui
570 2243 756 2274 nullatenus
782 2243 985 2274 obliviscitur
1009 2243 1078 2274 eius
1110 2243 1211 2274 multa
1237 2242 1323 2273 bona
1347 2247 1379 2273 et
1404 2242 1589 2283 religiosam
1615 2242 1712 2272 vitam
1739 2249 1769 2272 ct

117 2295 259 2334 labores,
283 2305 346 2337 qua
369 2295 421 2326 die
445 2299 608 2336 noctuque
634 2295 801 2326 indefessa
824 2295 992 2326 voluntate
1018 2295 1167 2326 desudat.
1207 2293 1337 2329 Quanta
1363 2295 1403 2324 sit
1427 2294 1485 2324 tibi
1511 2304 1617 2324 coram
1644 2293 1712 2324 Deo
1738 2298 1769 2323 ct

113 2347 235 2378 sanctis
260 2347 331 2378 eius
362 2347 467 2389 gloria
491 2350 523 2378 et
551 2347 787 2385 remuneratio.
820 2347 952 2378 intende
978 2351 1010 2378 et
1043 2347 1233 2387 diligentius
1259 2345 1443 2377 considera.
1477 2346 1506 2375 iu
1532 2346 1636 2376 salute
1661 2345 1768 2375 fratris

113 2399 171 2438 tui,
196 2399 293 2431 etiam
318 2395 454 2431 et'tanti
479 2399 538 2430 viri
563 2404 595 2430 et
620 2403 684 2430 tam
713 2399 903 2441 praeclarae
929 2398 1096 2440 dignitatis
1122 2402 1154 2429 et
1179 2398 1361 2428 sanctitatis
1387 2398 1516 2428 famuliu
1543 2396 1672 2427 Christi.

217 2503 241 2534 ²)
260 2504 443 2536 professionem
457 2504 487 2528 Ι).
542 2502 566 2534 b>
586 2504 753 2536 omnipotenti
771 2512 837 2528 corr.
851 2508 886 2527 -te
908 2503 957 2527 Pa.
1013 2502 1035 2534 c)
1056 2503 1152 2527 firmat⁹
1166 2502 1200 2527 I':
1220 2503 1317 2526 firmam
1332 2502 1385 2527 I'a.
1409 2506 1436 2531 Ψ.
1491 2501 1515 2521 21.
1537 2506 1622 2526 teneus
1641 2501 1703 2525 «ald.
1716 2501 1768 2525 I'a.

114 2548 137 2578 Ε)
156 2548 314 2572 convertaris
333 2547 364 2578 P,
382 2547 437 2571 Pa.
524 2546 548 2578 f)
569 2547 659 2571 mercis
678 2546 732 2570 Pa.
820 2551 845 2568 8¹
866 2556 914 2570 om.
935 2546 986 2570 Pa.
1076 2545 1101 2575 ¹¹}
1121 2550 1143 2569 et
1165 2546 1314 2577 magistrum
1337 2554 1390 2569 seso
1411 2546 1511 2569 veritati
1535 2545 1556 2568 Ρ
1575 2555 1623 2576 pm
1643 2550 1665 2569 ct
1688 2546 1769 2577 magis

114 2598 192 2622 usque
210 2591 318 2615 veritati.
402 2589 420 2621 i)
440 2599 473 2614 un
493 2594 612 2615 tantuin?
631 2590 655 2614 J.
740 2588 765 2619 Κ)
786 2590 864 2614 Felici
885 2590 937 2613 Pu..
1022 2588 1039 2619 ¹}
1059 2594 1084 2613 ct
1104 2589 1154 2613 Pa.
1237 2593 1257 2605 ¹¹¹
1290 2589 1416 2612 dubitavit
1436 2589 1480 2612 Pa
1570 2592 1594 2617 ¹¹]
1616 2596 1695 2612 uuum
1716 2588 1768 2612 l'a.

113 2632 136 2662 ⁰)
154 2637 312 2665 peccatorem
326 2633 378 2658 Pa.
450 2636 473 2659 ν)
493 2638 611 2665 agentem
628 2633 656 2663 Γ,
670 2633 722 2658 Ιά.
794 2634 818 2656 Ἠ
839 2634 1024 2657 consessionem
1042 2633 1091 2656 l'a.
1164 2636 1183 2656 r>
1204 2632 1363 2656 advers-orem
1381 2631 1430 2655 1³0.
1504 2636 1523 2647 θ’
1543 2637 1567 2656 et
1587 2632 1611 2655 in
1627 2632 1672 2655 hoc
1693 2640 1769 2663 usque

108 2684 171 2708 paq.
184 2678 232 2701 :272
251 2676 296 2700 lin.
310 2678 340 2700 21
360 2677 404 2708 qui
424 2680 499 2701 natus
512 2681 550 2701 est
569 2685 616 2700 ont.
631 2676 684 2701 Pu.
756 2678 775 2708 ¹)
796 2670 886 2700 nitiiris
900 2676 931 2700 P.
1007 2679 1031 2703 ¹¹}
1052 2675 1144 2699 tinnulo
1165 2675 1194 2704 P,
1216 2678 1244 2704 ¹).

218 2745 243 2775 1)
263 2743 329 2769 Adv.
349 2743 426 2776 Elip.
447 2743 466 2769 I
481 2752 502 2769 c.
517 2748 532 2769 9
555 2743 635 2776 (01212
656 2743 686 2775 Ι,
714 2747 790 2776 879].·
815 2743 844 2769 in
865 2742 995 2777 epistola.
1022 2751 1104 2775 quam
1124 2742 1249 2768 caritati<
1269 2741 1358 2767 otticio
1384 2746 1409 2767 ct
1432 2741 1529 2767 salutis
1549 2743 1613 2767 tuuc
1633 2742 1768 2768 desiderio

115 2786 252 2813 catholico
266 2787 371 2813 calamo
386 2786 556 2813 reverentiae
571 2788 678 2813 vestrae
692 2795 804 2812 exarare
818 2786 982 2812 curavimus.
1046 2787 1073 2811 2›
1089 2785 1127 2817 (γ’.
1142 2793 1227 2819 supra
1238 2794 1266 2818 Ι).
1280 2790 1330 2811 219
1345 2794 1370 2810 n.
1387 2789 1409 2811 ω’,
1475 2787 1502 2813 3)
1519 2786 1558 2816 Cf.
1580 2785 1655 2817 inl'ra
1674 2794 1699 2819 [ι.
1714 2789 1768 2811 27-1.
