2089 3171
44 699 68 718 10

43 957 66 976 15

40 1221 65 1239 20

40 1479 64 1498 25

39 1737 64 1756 ³0

39 1997 63 2016 35

39 2256 64 2274 40

38 2514 62 2533 45

711 131 860 158 ALCVINI
880 132 1089 158 EPISTOLAE.
1118 133 1141 158 3.
1708 135 1748 164 25

199 219 311 250 XIIII.
336 218 509 249 Decimum
533 221 682 259 quartum
708 222 812 259 caput.
861 218 973 251 Fraus.
993 219 1148 249 violentia
1174 222 1205 249 et
1224 220 1335 261 rapina
1353 223 1482 251 vetatur
1507 224 1538 251 et
1562 231 1602 251 ne
1629 221 1821 251 1111115137δὸ

96 274 146 305 vel
170 273 289 303 maiora
315 272 435 302 tributa
460 272 607 302 ecclesiis
632 271 695 302 Dei
721 272 936 312 imponantur,
965 282 1058 312 quam
1084 272 1137 302 lex
1161 272 1307 303 Romana
1333 276 1364 302 ct
1389 273 1522 313 antiqua
1547 273 1747 303 consuetudo

96 325 236 368 priorum
261 325 511 365 imperatorum.
540 333 653 364 regum
686 328 717 354 et
742 324 923 365 principum
955 323 1087 357 habeat.
1114 325 1308 365 omninoque
1338 324 1391 365 qui
1423 328 1553 355 sanctae
1581 324 1748 355 Romanae

97 377 254 409 ecclesiae
284 380 316 407 et
346 376 440 406 beato
473 375 570 406 Petro
601 376 737 417 principi
768 376 989 417 apostolorum
1021 376 1258 406 communicare
1284 377 1388 417 cupit,
1423 376 1463 407 ab
1489 376 1549 406 hoc
1576 376 1652 406 vitio
1680 377 1746 406 vio-

95 428 215 460 lentiae
239 428 414 458 immunem
441 438 475 458 se
500 438 631 457 servare
657 427 795 458 studeat.
843 427 896 458 Sic
922 427 1094 458 concordia
1118 427 1238 469 ubique
1265 432 1295 457 et
1319 429 1514 458 unanimitas
1545 429 1630 459 inter
1655 439 1747 469 reges

95 483 128 511 et
151 480 338 521 episcopos,
369 479 609 509 ecclesiasticos
642 482 673 509 et
701 479 817 512 laicos,
849 489 1044 520 omnemque
1078 479 1233 520 populum
1258 479 1485 513 christianum,
1517 484 1552 510 ut
1576 481 1615 510 sit
1639 482 1746 511 unitas

94 531 213 573 ubique
238 531 448 562 ecclesiarum
474 530 536 561 Dei
562 534 594 561 et
619 541 683 572 pax
708 532 739 561 in
766 541 826 561 una
853 531 1003 564 ecclesia.
1030 531 1060 561 in
1086 542 1149 561 una
1167 530 1240 567 fide,
1259 542 1315 572 spe
1335 535 1367 561 et
1386 532 1520 562 caritate
1540 543 1745 573 permanens,

93 594 193 614 unum
219 586 315 625 caput
340 582 464 613 habens
489 582 573 623 quod
600 587 649 613 est
676 583 841 616 Christus,
868 583 958 613 cuius
982 583 1129 613 membra
1155 593 1188 613 56
1214 583 1351 613 invicem
1377 583 1545 617 adiuvare,
1570 588 1745 625 mutuaque

95 636 229 667 caritate
261 634 397 676 diligere
427 634 579 673 debeant,
613 635 696 665 sicut
727 636 794 676 ipse
824 635 921 665 dixit:
954 635 1001 664 ·In
1032 634 1093 665 1100
1119 638 1315 675 cognoscent
1341 645 1468 666 omnes.
1494 636 1567 676 quia
1593 636 1655 666 mei
1680 635 1801 666 dis-m.
1819 644 1892 665 111311

97 687 193 729 cipuli
218 687 303 724 estis,
331 687 356 717 si
381 686 589 718 dilectionem
613 687 793 718 habueritis
819 687 858 718 ad
884 685 1044 718 inviccm’.

196 738 270 770 XV.
301 738 473 769 Decimum
503 739 651 780 quintum
684 742 790 780 caput.
844 738 1087 769 Interdicuntur
1118 738 1268 769 omnibus
1294 739 1415 768 iniusta
1439 740 1615 771 connubia.
1642 743 1674 770 et
1699 740 1745 770 in-

94 794 275 826 caestuosa,
300 795 365 821 tam
390 801 460 821 cum
486 790 611 821 ancillis
636 790 721 821 Dei¹
748 790 798 821 vel
829 790 900 821 aliis
934 790 1056 820 illicitis
1088 790 1252 831 personis,
1279 801 1374 831 quam
1407 801 1477 820 cum
1503 792 1690 832 propinquis
1717 796 1748 822 et

94 844 343 885 consanguineis
381 844 432 874 vel
466 844 658 885 alienigenis
695 843 867 874 uxoribus:
902 848 932 874 et
961 844 1090 873 omnino
1123 842 1340 873 anathematis
1372 853 1523 873 mucrone
1558 843 1747 884 perfoditur,

93 896 146 938 qui
171 896 248 926 talia
271 896 347 937 agit,
371 895 430 926 nisi
457 900 622 926 correctus
648 896 817 937 resipiscat
841 906 859 926 a
884 899 949 925 tam
975 894 1117 925 nefanda
1141 895 1427 936 praesumptione,
1453 897 1484 925 et
1510 905 1566 925 suo
1593 895 1746 937 episcopo

95 948 322 989 obtemperans
348 958 382 978 56
406 948 511 989 ipsum
537 947 576 978 ad
601 948 772 990 aequitatis
797 958 942 979 normam
968 947 1108 988 corrigat
1135 951 1166 977 et
1190 950 1328 977 revocet.

194 999 287 1030 XVI.
311 999 485 1030 Decimum
510 1003 639 1030 sextum
666 1003 772 1041 caput.
819 999 960 1030 Decreto
985 998 1144 1029 abdicitur
1169 999 1241 1029 filiis
1259 999 1466 1028 meretricum
1490 998 1636 1039 legitima
1654 998 1746 1029 here-

92 1052 185 1083 ditas.
231 1051 446 1082 Adulterinos
473 1062 611 1092 namque
637 1052 719 1082 filios
749 1062 785 1081 ac
817 1051 1110 1082 sanctimonialium
1136 1051 1328 1081 auctoritate
1363 1050 1541 1092 apostolica
1565 1050 1690 1092 spurios
1716 1054 1747 1080 et

92 1104 256 1135 adulteros
281 1103 469 1134 iudicamus,
517 1103 687 1144 Virginem
720 1114 877 1145 namque,
910 1114 992 1144 quae
1026 1114 1060 1133 56
1092 1102 1162 1133 Deo
1193 1103 1317 1133 voverit
1348 1105 1380 1133 et
1409 1102 1449 1132 ad
1481 1102 1583 1132 instar
1615 1106 1747 1133 sanctae

91 1156 214 1187 Mariae
242 1159 367 1186 vestem
397 1155 552 1195 induerit,
584 1166 737 1197 sponsam
769 1155 889 1186 Christi
919 1156 1062 1185 vocitare
1092 1165 1155 1185 non
1180 1154 1376 1185 dubitamus.
1433 1154 1511 1185 Ideo
1544 1154 1746 1185 manifestum

93 1210 143 1238 est
183 1207 250 1238 sive
288 1207 320 1237 in
356 1207 554 1238 caelestibus
592 1207 689 1238 rebus
722 1208 790 1238 sive
829 1208 1053 1241 terrestribus.
1093 1207 1168 1248 quia
1200 1207 1253 1248 qui
1284 1207 1502 1248 potentiorem
1534 1217 1568 1237 se
1595 1217 1747 1248 sponsam

95 1260 206 1291 tulerit
229 1262 262 1290 et
287 1269 345 1290 suo
371 1259 432 1290 sibi
457 1270 529 1290 cam
554 1260 758 1290 matrimonio
786 1260 995 1301 copulaverit,
1021 1269 1184 1300 nunquam
1215 1259 1393 1300 impunitus
1425 1258 1550 1288 evadet.
1598 1258 1691 1289 Unde
1717 1262 1748 1288 et

93 1311 257 1354 apostolus
289 1312 349 1342 ait:
381 1311 427 1342 ‘Si
458 1312 527 1353 quis
560 1312 718 1353 templum
750 1312 811 1343 Dei
837 1312 1022 1347 violaverit,
1049 1311 1214 1352 disperdet
1245 1311 1334 1341 illum
1360 1310 1529 1342 Dominus.
1575 1310 1910 1351 Templumrcona-u.

91 1363 176 1395 6111111
200 1362 263 1394 Dei
288 1366 434 1394 sanctum
460 1362 517 1394 est'
544 1366 604 1394 etc.
652 1363 736 1394 Item
761 1364 943 1405 apostolus:
977 1363 1060 1393 ‘Hoc
1085 1373 1225 1404 namque
1250 1363 1363 1393 scitote
1388 1363 1636 1403 intellegentes,
1662 1362 1747 1403 quod
1758 1374 1880 1400 Eph.5.5.

91 1415 195 1446 omnis
219 1415 397 1446 fornicator
421 1418 477 1446 aut
503 1415 688 1446 immundus
716 1419 772 1446 aut
797 1415 925 1446 adulter
950 1419 1005 1446 aut
1024 1425 1143 1445 avarus
1162 1425 1226 1445 non
1246 1415 1345 1445 habet
1362 1414 1579 1445 hereditatem
1597 1414 1628 1444 in
1647 1424 1745 1454 regno

93 1466 215 1498 Christi
240 1470 272 1498 et
295 1466 379 1499 Dei'.
414 1467 613 1509 Perpendite
638 1478 787 1508 namque,
814 1468 839 1497 si
865 1467 904 1498 ab
924 1467 1075 1508 apostolo
1094 1466 1258 1497 hereditas
1283 1467 1386 1497 seculi
1406 1465 1592 1505 secluditur,
1618 1465 1745 1496 dicente

89 1519 266 1561 scriptura:
302 1518 386 1550 ‘Non
422 1519 508 1550 6111111
543 1519 635 1557 heres
672 1520 733 1550 erit
765 1519 850 1550 filius
882 1520 997 1557 ancille
1030 1530 1102 1550 cum
1137 1519 1201 1549 filio
1236 1517 1379 1549 liberac'.
1428 1518 1493 1549 Sed
1518 1517 1605 1548 dicet
1629 1518 1884 1559 aliquiseai.4.³o.

88 1571 304 1603 adulterinus:
331 1571 490 1604 Meretrix
515 1582 588 1603 mea
612 1582 675 1602 non
701 1575 750 1602 est
775 1582 880 1607 serva,
899 1571 955 1602 sed
973 1571 1086 1602 libera.
1125 1571 1186 1601 His
1204 1571 1396 1602 auctoritate
1413 1570 1591 1612 apostolica
1609 1580 1744 1612 respon-

89 1623 217 1655 demus:
245 1623 409 1661 Nescitis,
434 1624 509 1666 quia
533 1624 584 1654 cui
609 1635 665 1655 vos
692 1634 804 1654 servos
830 1623 1025 1654 exhibuistis
1056 1623 1097 1654 ad
1128 1623 1362 1656 obediendum.
1388 1623 1473 1654 servi
1498 1623 1576 1654 estis
1601 1623 1670 1653 eius
1695 1622 1745 1653 cui
1757 1632 1809 1652 Rom
1833 1635 1852 1657 6,
1866 1636 1896 1654 16.

92 1674 266 1707 obedistis?
314 1675 388 1706 Sive
413 1676 540 1717 peccati
566 1675 605 1706 ad
632 1679 778 1713 mortem,
807 1675 874 1706 sive
901 1675 1047 1706 iusticiae
1073 1675 1112 1706 ad
1139 1674 1454 1706 sanctificationem'.
1501 1674 1625 1705 Idcirco
1642 1674 1743 1715 impe-

91 1727 233 1759 ravimus
267 1727 454 1769 apostolicis
486 1727 610 1763 verbis,
645 1732 678 1758 ut
715 1731 848 1769 propter
878 1727 1129 1759 fornicationem
1165 1727 1353 1769 fugiendam
1390 1727 1612 1768 unusquisque
1645 1726 1833 1758 1316051011.
1850 1740 1898 1761 7‚2.

90 1790 181 1810 suam
217 1790 353 1810 uxorem
388 1780 567 1821 legitimam
602 1780 738 1817 habeat,
779 1784 810 1810 et
845 1790 1060 1821 unaquaeque
1094 1791 1185 1810 suum
1212 1780 1315 1810 virum
1340 1779 1474 1818 habeat,
1506 1782 1541 1809 ut
1567 1778 1743 1809 secundum

89 1831 263 1863 Dominum
279 1831 353 1863 inde
372 1831 512 1863 heredes
532 1832 694 1873 legitimos
711 1832 832 1863 habeat
849 1831 1020 1873 fiantque*
1038 1831 1176 1863 heredes
1194 1832 1256 1862 Dei
1282 1831 1458 1862 coheredes
1484 1834 1591 1861 autem
1612 1830 1743 1861 Christi.
1756 1841 1811 1861 ·coi.
1828 1843 1872 1862 583.

90 1883 264 1915 Caeterum
298 1885 381 1915 sicut
410 1885 441 1915 in
466 1895 591 1915 canone
615 1885 667 1915 vel
699 1885 730 1915 in
756 1885 948 1925 evangelica
979 1884 1124 1915 doctrina
1154 1887 1185 1915 et
1215 1884 1355 1914 decretis
1387 1883 1638 1924 apostolicorum
1664 1882 1742 1923 dog-

90 1939 213 1967 matum
238 1935 278 1968 de
303 1936 457 1978 legitimis
482 1937 694 1967 matrimoniis
720 1936 771 1967 vel
802 1940 922 1967 statuto
952 1939 1095 1978 tempore
1121 1936 1265 1968 nubendi
1290 1936 1341 1967 vel
1374 1935 1557 1966 abstinendi
1589 1935 1743 1976 scriptum

92 1991 155 2020 est:
185 1988 234 2019 his
263 1988 404 2020 decretis
429 1989 509 2019 nihil
534 1988 654 2020 addere
680 1989 920 2031 praesumimus
946 1993 1000 2019 aut
1026 1988 1167 2020 demere.
1224 1988 1258 2020 Si
1283 1989 1354 2030 quis
1380 1991 1490 2019 autem
1516 1987 1643 2018 videtur
1667 1998 1742 2018 0011-

89 2041 246 2072 16111105115
271 2051 353 2078 6556,
379 2051 441 2071 non
468 2041 566 2072 talem
592 2041 861 2072 consuetudinem
886 2052 944 2072 nos
970 2041 1126 2072 habemus
1155 2051 1260 2082 neque
1286 2041 1427 2072 eeclesia
1451 2039 1524 2071 Dei.

191 2093 301 2125 XVII.
326 2093 498 2124 Decimum
524 2094 698 2134 septimum
723 2097 829 2135 caput.
876 2093 926 2124 De
951 2093 1084 2124 decimis
1103 2092 1226 2131 dandis,
1247 2093 1329 2123 sicut
1353 2093 1384 2123 in
1403 2092 1476 2133 lege
1495 2092 1651 2133 scriptum
1677 2094 1742 2122 est:

1756 2134 1823 2154 Exod.
1835 2136 1900 2159 ‘gaf-‘9

89 2144 268 2176 ‘Decimam
300 2148 426 2186 partem
458 2155 500 2175 ex
531 2145 680 2176 omnibus
710 2145 858 2186 frugibus
888 2146 951 2176 tuis
981 2156 1039 2176 seu
1068 2145 1218 2187 primitiis
1248 2145 1377 2175 deferas
1410 2145 1440 2174 in
1467 2144 1597 2175 domum
1623 2143 1905 2184 1101111111Ι,[,,,,,ι4,.,,9,

89 2196 152 2228 Dei
176 2195 243 2228 tui’.
289 2197 431 2228 Rursum
455 2207 514 2238 per
539 2197 747 2239 prophetam:
775 2197 933 2233 Adferte,
952 2198 1064 2239 inquit,
1084 2208 1209 2227 omnem
1228 2196 1387 2228 decimam
1405 2197 1435 2227 in
1455 2196 1604 2227 horreum
1624 2196 1831 2234 111011111,)Ῑ81ἱ“’
1845 2199 1906 2243 ὅινιξυ-

91 2252 127 2279 111
151 2248 192 2279 sit
215 2249 306 2280 cibus
331 2249 363 2279 in
388 2248 482 2279 domo
500 2259 588 2280 mea.
615 2253 647 2280 et
672 2249 808 2291 probate
832 2260 883 2280 me
909 2260 1008 2291 super
1032 2249 1102 2283 hoc.
1129 2249 1154 2279 si
1180 2260 1242 2280 non
1260 2259 1419 2290 aperuero
1445 2248 1536 2279 vobis
1563 2250 1742 2278 cataractas

90 2300 173 2331 03611
197 2303 229 2331 61
254 2300 398 2332 effudero
423 2300 687 2332 benedictionem
712 2312 814 2342 1150116
839 2301 879 2331 ad
905 2301 1153 2340 abundantiam,
1179 2304 1211 2332 et
1236 2301 1411 2342 increpabo
1446 2311 1502 2342 pro
1528 2299 1617 2330 vobis
1642 2299 1740 2330 devo-

89 2355 224 2391 rantem,
250 2353 303 2394 qui
328 2352 467 2383 comedit
491 2356 522 2383 61
547 2353 722 2394 corrumpit
746 2353 885 2383 fructum
911 2356 1017 2383 terrae
1042 2356 1170 2383 vestrae
1196 2355 1228 2383 et
1254 2363 1317 2383 non
1336 2353 1395 2383 crit
1412 2352 1496 2382 ultra
1514 2352 1609 2382 vinea
1626 2351 1742 2382 sterilis

89 2404 121 2435 in
146 2414 239 2445 agro,
272 2404 349 2435 dicit
373 2404 553 2436 Dominus⁷.
602 2404 693 2435 Sicut
717 2404 869 2446 sapiens2
895 2405 953 2435 ait:
981 2405 1094 2436 'Nemo
1120 2405 1238 2435 iustam
1264 2404 1485 2445 elemosynam
1518 2403 1557 2434 de
1583 2403 1632 2434 his
1659 2414 1740 2444 quae

88 2455 236 2497 possidet
258 2456 366 2487 facere
392 2457 487 2491 valet,
513 2457 572 2487 nisi
598 2457 686 2498 prius
713 2457 914 2498 separaverit
932 2456 1084 2493 Domino,
1103 2456 1188 2498 quod
1213 2467 1231 2487 3
1249 2456 1421 2498 primordio
1440 2456 1509 2497 ipse
1529 2455 1589 2485 sibi
1607 2455 1742 2486 reddere

91 2507 264 2549 delegavit.
310 2507 359 2538 Ac
384 2519 442 2549 per
465 2508 525 2539 1100
552 2508 741 2549 plerumque
768 2509 936 2549 contingit.
961 2512 996 2539 ut
1021 2510 1073 2550 qui
1100 2508 1259 2539 decimam
1285 2519 1346 2538 non
1372 2507 1493 2545 tribuit,
1519 2506 1559 2537 ad
1583 2506 1743 2538 decimam

89 2558 283 2590 revertitur'.
332 2558 425 2590 Unde
451 2561 549 2591 etiam
575 2571 646 2591 cum
672 2561 890 2591 obtestatione
910 2561 1138 2602 praecipimus.
1166 2564 1199 2591 ut
1217 2571 1329 2591 omnes
1355 2559 1507 2590 studeant
1532 2558 1571 2590 de
1596 2559 1743 2590 omnibus

90 2621 172 2653 quae
206 2611 373 2653 possident
407 2611 548 2643 decimas
587 2612 681 2651 dare,
715 2612 790 2653 quia
820 2613 964 2653 speciale
998 2612 1117 2643 domini
1143 2612 1204 2643 Dei
1230 2617 1294 2648 est,
1329 2616 1360 2642 et
1393 2611 1432 2642 de
1459 2621 1573 2642 novem
1600 2611 1743 2653 partibus

193 2758 217 2789 1)
238 2756 278 2789 Cf.
298 2757 375 2788 infra
393 2758 464 2790 epist.
486 2762 520 2783 16.
542 2762 596 2784 101.
701 2759 726 2784 ²21
747 2759 845 2784 Nescio
864 2759 931 2792 quis.

189 2804 331 2831 Emsmssss
350 2805 395 2831 IV.
1522 2806 1539 2831 4
