2089 3171
69 730 94 748 10

72 989 96 1008 15

72 1252 98 1271 20

74 1514 98 1534 25

77 1774 102 1792 ³0

78 2034 102 2051 :³5

80 2628 105 2646 45

704 164 855 191 ALCVINI
875 164 988 190 Eris'n
998 165 1084 190 »inm
1122 166 1180 190 213.
1710 167 1765 196 391

119 253 269 283 suffultus
307 264 401 283 nenio
438 253 608 294 pervenire
641 253 772 293 poterit.
813 262 896 292 quae.
933 262 990 282 nos
1029 251 1068 281 de
1106 253 1243 282 terrenis
1280 253 1373 283 tollat
1403 253 1441 283 ad
1476 253 1638 283 caelestia.
1687 252 1774 282 Nihil

119 305 251 346 saepius
277 305 308 335 in
333 305 393 335 hae
419 305 483 335 vita
508 309 636 336 nostrae
661 304 929 346 peregrinationis
954 305 1062 334 animo
1088 305 1298 336 meditemur.
1328 305 1389 335 nisi
1415 305 1552 346 qualiter
1577 305 1774 346 redemptori

120 361 153 387 et
179 356 275 387 iudici
300 360 410 387 nostro
435 357 631 398 placeamus,
657 357 810 388 scientes
837 355 921 397 quod
946 356 995 386 hie
1021 367 1150 397 semper
1173 367 1236 387 non
1262 357 1392 387 erimus.
1419 356 1475 387 sed
1499 357 1530 387 in
1556 357 1618 387 alia
1637 356 1775 397 quadam

121 409 186 439 vita
211 419 339 450 semper
362 409 491 440 erimus
532 410 636 444 Quam
660 409 760 439 miser
785 412 843 445 est.
869 409 921 450 qui
939 408 979 439 de
998 408 1093 438 huius
1119 408 1325 439 mortalitatis
1351 408 1472 438 labore.
1498 409 1528 438 in
1554 408 1707 438 maiorem
1727 408 1774 438 in-

121 461 350 491 mortalitatis-³
374 461 564 502 perveniet‘'
598 461 759 492 laborem:
793 463 825 490 et
855 470 951 500 quam
981 459 1061 490 felix
1092 464 1156 497 est,
1190 460 1243 501 qui
1275 459 1314 491 de
1345 460 1404 490 hoe
1438 459 1546 491 labore
1577 460 1713 490 transiet
1745 460 1776 490 in

119 512 274 554 requiem.
301 512 391 542 cuius
416 513 523 543 nullus
549 513 609 544 erit
634 522 787 553 umquam
811 512 894 542 finis.
942 511 1083 542 Proinde
1114 522 1178 542 non
1209 512 1414 542 transitorias
1448 523 1594 543 amemus
1619 512 1776 553 ‹livitias0⁷

120 564 177 595 sed
203 574 333 606 semper
356 568 536 595 manentes.
584 563 744 595 Dominus
770 563 863 595 Iesus
893 573 955 593 non
986 563 1080 593 nobis
1113 563 1262 605 promisit
1293 563 1434 594 honores
1465 568 1689 602 transcuntes,
1720 564 1777 595 sed

119 619 311 658 perpetuos;
347 625 410 646 11011
439 616 574 656 gloriam
607 620 787 653 terrenam.
824 614 882 645 sed
913 615 1106 645 caelestem:
1144 625 1207 646 non
1238 615 1289 646 hie
1318 615 1550 655 longevitatem
1583 617 1682 646 vitae.
1722 615 1776 646 ubi

121 670 255 709 peceato
281 667 451 701 nascimur,
475 667 585 698 labore
611 667 758 699 vivimus.
784 666 895 697 dolore
920 667 1092 697 morimur:
1121 666 1178 697 sed
1205 667 1236 697 in
1262 666 1466 698 beatitudine
1492 671 1649 708 perpetua
1669 672 1775 697 aeter-

124 730 198 750 nam
223 718 317 750 nobis
334 719 482 760 promisit
499 719 612 750 vitam:
637 722 669 749 et
685 729 749 749 non
766 719 927 760 perituras
945 718 1119 760 spopondit
1137 718 1277 751 divitias.
1305 718 1361 749 sed
1382 729 1510 759 semper
1535 727 1776 760 permanentes:

122 771 218 802 huius
244 781 319 802 vero
344 771 467 802 saeculi
492 770 622 802 divitiae
648 771 742 802 bonis
766 771 926 811 malisque
952 781 1140 801 communes
1166 781 1239 801 esse
1265 770 1426 806 videntur.
1453 771 1570 812 quibus
1596 771 1669 802 boni
1694 771 1778 802 bene

121 826 256 854 utuntur
279 823 318 854 ad
345 827 555 865 augmentum
581 823 693 854 salutis
719 823 779 853 sibi
805 823 1034 864 sempiternae,
1059 822 1136 853 mali
1162 833 1238 853 vero
1263 823 1348 854 male
1374 826 1509 853 utuntur
1532 823 1578 854 eis
1603 823 1642 853 ad
1669 823 1775 864 perdi-

121 876 241 907 tionem
267 875 325 906 sui.
374 875 457 906 Illud
483 885 558 906 vero
582 875 729 916 promisit
753 874 902 905 dominus
925 874 1016 905 Deus
1041 875 1175 905 caritate
1201 875 1414 906 ferventibus.
1439 875 1523 916 quo*l
1548 875 1626 905 nihil
1651 875 1778 906 beatius

123 938 196 958 esse
221 919 354 969 poterit,
390 927 421 958 id
447 931 497 958 est
522 930 713 968 perpetuam
747 937 824 957 suae
855 926 1069 958 beatitudinis
1094 927 1269 965 visionem,
1307 926 1347 957 ad
1380 937 1476 968 quam
1501 927 1655 957 mundato
1681 927 1778 958 eorde

1809 254 1868 282 72³5
1877 253 1977 281 —5302

125 979 346 1011 festinandum
372 982 431 1017 est.
457 979 540 1010 sieut
557 979 628 1020 ipsa
645 979 763 1010 veritas
788 979 846 1010 ait:
873 978 977 1009 ‘Beati
1001 978 1141 1009 mund0⁰
1167 978 1274 1017 corde.
1300 979 1453 1020 quoniam
1478 979 1538 1020 ipsi
1556 979 1663 1009 Deum
1689 979 1916 1010 vide-Matar&-

122 1030 225 1063 bunt'.
271 1031 385 1062 Mundi
417 1035 492 1062 sunt
515 1030 666 1061 videlieet
695 1030 806 1069 corde,
838 1041 918 1072 quos
948 1030 1037 1061 nulla
1068 1030 1243 1061 cuiuslibet
1274 1031 1419 1062 malitiae
1444 1031 1573 1061 macula
1598 1031 1778 1062 conturbat.

123 1083 177 1125 qui
201 1086 289 1114 casta
312 1086 421 1114 mente
439 1082 545 1114 Deum
569 1082 703 1113 laudare
728 1082 926 1113 caelestibus
951 1082 1078 1123 hymnis
1105 1082 1316 1114 adsuescunt.
1355 1082 1399 1113 Ili
1424 1083 1603 1123 angelicam
1628 1083 1659 1113 in
1686 1083 1780 1113 terris

122 1139 224 1178 agunt
251 1135 366 1174 vitam,
402 1136 455 1177 qui
490 1136 521 1166 in
551 1135 615 1166 Dei
649 1135 800 1166 laudibus
836 1135 999 1165 laetantur
1028 1138 1060 1165 et
1090 1134 1291 1176 psalmodiae
1322 1145 1402 1176 puro
1434 1134 1530 1165 corde
1564 1134 1780 1165 delectantur.

121 1187 261 1219 Nullus1
284 1187 469 1218 mortalium
494 1188 646 1219 virtutem
670 1187 868 1229 psalmorum
892 1187 1032 1228 pleniter
1058 1187 1222 1228 explicare
1246 1187 1374 1228 poterit.
1422 1187 1459 1217 In
1484 1187 1534 1217 his
1560 1187 1781 1218 confessiones

125 1243 348 1282 peecatorum,
382 1239 414 1269 in
438 1239 487 1270 his
512 1239 763 1281 paenitentiales
787 1238 941 1270 lacrimae
974 1238 1173 1273 excitantur,
1207 1238 1239 1269 in
1263 1238 1313 1269 his
1339 1239 1532 1280 conpunctio
1558 1239 1661 1269 cordis
1687 1249 1780 1269 reno-

123 1294 231 1327 vatum
265 1301 339 1322 nam
363 1295 450 1322 totus
473 1292 672 1333 psalmorum
696 1291 780 1322 liber
804 1289 1002 1321 caelestibus
1026 1289 1155 1321 redolet
1179 1290 1366 1331 mysteriiss,
1391 1290 1590 1332 spiritalibus
1615 1290 1783 1321 abundatg

124 1344 321 1387 praeceptis.
345 1343 461 1374 divinis
486 1344 632 1385 repletus
657 1347 707 1374 est
730 1342 892 1374 laudibus.
932 1341 1135 1383 Quicumque
1160 1342 1301 1384 psalmos
1326 1343 1450 1373 intenta
1474 1346 1581 1373 mente
1607 1342 1782 1374 decantare

125 1399 158 1428 et
181 1395 338 1427 serutarih
362 1396 488 1435 didicit,
520 1396 665 1427 inveniet
688 1396 720 1426 in
746 1395 794 1426 eis
819 1404 948 1425 omnem
973 1394 1087 1424 salutis
1112 1398 1244 1425 nostrae
1269 1394 1548 1436 dispensationem
1571 1394 1782 1436 praedictam.

125 1450 222 1481 miras
247 1448 437 1479 caelestium
462 1448 679 1479 iocunditates
704 1447 906 1489 gaudiorum.

230 1500 384 1538 Proinde,
410 1500 615 1531 sanctissime
634 1504 736 1542 pater.
754 1500 884 1530 hortare
903 1495 1020 1530 fratres
1039 1501 1168 1529 sanctos
1187 1508 1297 1529 eorum
1314 1498 1490 1540 diligenter
1506 1498 1632 1529 discere
1651 1509 1784 1530 sensus:

125 1556 161 1584 ut
185 1553 289 1584 sciant
312 1557 345 1584 et
368 1553 562 1594 intellegant
580 1552 685 1588 corde.
710 1551 786 1594 quid
804 1562 859 1582 ore
884 1554 917 1582 et
941 1551 1051 1592 lingua
1076 1554 1244 1581 resonent:
1269 1551 1450 1592 apostolico
1469 1551 1596 1581 imbutii
1621 1551 1783 1592 exemplo,

126 1604 236 1646 quide
261 1616 296 1636 se
321 1604 412 1647 ipsok
430 1605 554 1636 dixisse
579 1605 712 1645 legitur:
739 1603 892 1634 Psallam
911 1603 1036 1644 spiritu,
1062 1602 1197 1644 psallam
1216 1606 1248 1633 et
1266 1607 1389 1633 mente:
1416 1603 1514 1633 orabo
1534 1603 1658 1644 spiritu.
1684 1602 1782 1633 orabo

126 1661 158 1688 et
181 1656 310 1689 mente’.
350 1657 461 1688 Verba
486 1657 645 1698 siquidem
671 1656 830 1687 cantantis
856 1666 947 1686 mens
977 1654 1153 1685 meditetur
1176 1655 1407 1695 intellegentis.
1433 1655 1506 1695 quia
1525 1655 1663 1685 Domino
1689 1658 1781 1695 pate‘

128 1712 222 1740 scunt
246 1709 462 1751 cogitationes
488 1709 699 1749 singulorum.
726 1709 778 1750 qui
804 1718 858 1738 cor
883 1707 1055 1738 contritum
1074 1711 1106 1737 et
1124 1706 1328 1737 humiliatum
1347 1707 1378 1737 in
1397 1717 1492 1748 prece
1518 1707 1557 1737 ad
1582 1717 1617 1737 se
1643 1707 1784 1736 claman-

130 1762 211 1792 tium
235 1772 299 1792 non
325 1762 458 1803 spernit.
495 1761 585 1791 Sicut
610 1760 753 1802 quidam¹
779 1760 974 1802 sapientium
999 1759 1057 1789 ait:
1083 1758 1265 1789 ‘Humili-ati
1290 1770 1405 1800 preces
1431 1759 1556 1789 eaelum
1582 1757 1784 1789 aseenduntf,

1797 1617 1813 1634 l.
1825 1615 1872 1633 (111.
1885 1616 1915 1633 14.
1927 1616 1956 1633 13.

1795 1770 1822 1789 vi.
1834 1769 1900 1789 lirvli.
1913 1772 1944 1789 35.
1956 1770 1987 1789 21.

127 1814 320 1845 Humilitate
353 1816 385 1845 et
416 1813 638 1845 misericordia
664 1813 784 1844 Christi
813 1812 929 1843 salvati
959 1822 1086 1842 sumus.
1125 1811 1179 1852 qui
1203 1811 1263 1842 ait:
1291 1811 1428 1842 'Discite
1453 1822 1470 1841 a
1496 1822 1561 1842 me.
1599 1811 1672 1851 quia
1697 1810 1958 1842 initisnanitnxa.

128 1877 198 1898 sum
230 1870 263 1898 et
289 1866 420 1897 humilis
451 1865 559 1900 corde.
596 1869 628 1897 et
657 1865 829 1896 invenietis
862 1864 1007 1906 requiem
1038 1855 1207 1894 animabus
1233 1862 1372 1894 vestris'.
1432 1863 1495 1898 Qui
1526 1862 1782 1893 misericordiam

127 1918 219 1957 facit,
251 1918 458 1949 miserebitur
492 1918 578 1948 illius
602 1917 708 1955 Deus⁷
747 1917 815 1961 ipso
846 1916 989 1947 Domino
1020 1915 1162 1946 dicente:
1200 1914 1326 1946 ‘Estote
1358 1915 1606 1945 misericordes.
1646 1915 1728 1945 sieut
1753 1918 1926 1946 ethaeam.

128 1974 219 2013 pater
242 1974 350 2002 vester
373 1971 526 2001 caelestis
550 1970 734 2001 misericors
760 1967 830 2000 est’.
878 1969 991 2009 Imago
1020 1967 1091 2007 Dei,
1125 1967 1166 1998 ad
1190 1977 1286 2008 quam
1312 1967 1526 1998 reformamur
1551 1967 1581 1996 in
1606 1970 1728 1997 mente.
1753 1966 1785 1996 in

130 2022 374 2054 misericordiae
399 2022 541 2053 maximo
565 2026 628 2052 stat
659 2021 823 2063 operibus.
860 2031 918 2063 pro
948 2020 1064 2062 quibus
1094 2019 1214 2050 sanctis
1240 2023 1272 2050 et
1299 2019 1392 2050 iustis
1424 2030 1559 2060 regnum
1590 2019 1786 2060 promittitur

129 2078 310 2113 aeternum.
335 2074 411 2105 dum
429 2075 654 2105 discernentur
671 2074 746 2115 agni
764 2073 804 2104 ab
822 2072 972 2109 haedisffl‚
998 2071 1037 2102 ad
1055 2071 1251 2102 audiendam
1269 2082 1381 2102 vocem
1399 2071 1650 2102 desiderabilem
1669 2070 1784 2101 summi

130 2127 216 2168 regis
261 2130 293 2158 et
322 2127 436 2158 iudicis
469 2127 501 2157 in
533 2126 610 2157 sede
641 2129 796 2168 paternae
827 2124 1007 2156 maiestatis
1041 2123 1198 2155 sedentis:
1236 2123 1364 2155 'Venite
1394 2123 1560 2154 benedieti
1584 2122 1685 2164 patris
1711 2122 1962 2157 niei,Matm.·.15,34,

129 2179 288 2221 percipite
314 2189 459 2220 regnum.
485 2178 569 2220 quod
595 2178 685 2209 vobis
710 2183 859 2220 paratum
883 2180 933 2207 est
957 2176 997 2206 ab
1023 2176 1147 2216 origine
1174 2174 1324 2207 mundi’u.

234 2325 258 2356 ²)
277 2327 438 2352 mortalitatis
452 2328 475 2351 I.
547 2327 571 2359 b)
592 2328 642 2352 lah.
657 2335 726 2359 pei-V.
744 2326 764 2351 I.
837 2326 859 2358 c)
880 2326 985 2351 divicias
1000 2326 1022 2350 I.
1094 2324 1119 2351 d)
1139 2325 1206 2357 quod
1221 2325 1243 2348 I.
1315 2328 1337 2353 ί’)
1358 2323 1445 2348 mundi
1460 2323 1484 2347 I.
1555 2321 1573 2352 s)
1587 2322 1705 2346 misteriis
1719 2322 1750 2351 (γ’,
1767 2321 1786 2345 I,

131 2369 157 2402 8)
172 2370 308 2395 habundat
321 2371 352 2395 G.
377 2401 380 2404 ι
418 2370 443 2402 ¹¹)
457 2376 571 2396 scrutare
588 2372 614 2402 C,
633 2370 665 2401 Ε,
685 2372 716 2401 (ἐ,
736 2370 757 2394 Ι,
825 2369 842 2401 i)
854 2370 937 2394 inbuti
952 2370 974 2393 I.
1040 2368 1064 2399 k)
1078 2370 1132 2401 ipse
1148 2369 1170 2392 J.
1235 2367 1252 2397 l)
1268 2368 1370 2400 quidem
1388 2369 1419 2396 Η,
1442 2366 1460 2391 Ι.
1527 2370 1557 2390 ¹¹¹1
1572 2366 1624 2389 edis
1640 2366 1710 2395 (2¹1⁴,
1721 2364 1754 2395 X,
1765 2365 1787 2389 I.

131 2412 157 2445 ¹¹)
175 2421 263 2438 versus
281 2422 329 2438 om.
344 2414 375 2439 (τ’.

237 2491 261 2522 l)
282 2490 320 2522 Cf.
342 2499 410 2524 quae
429 2492 558 2517 Alerinzts
584 2491 610 2516 1²71
632 2491 806 2523 praelatione
831 2490 891 2516 libri
913 2490 945 2515 (Ie
964 2490 1130 2524 psalmorum
1155 2497 1203 2513 usn
1229 2487 1259 2512 dc
1280 2487 1329 2512 huc
1355 2495 1380 2511 rc
1402 2486 1501 2511 similia
1526 2485 1629 2518 praehet
1653 2484 1731 2517 (opp,
1749 2484 1786 2510 ed.

134 2536 249 2569 Quercel.
268 2535 390 2565 col.213‚
415 2534 453 2560 ed.
472 2534 582 2560 Froben..
600 2535 643 2567 II,
667 2538 722 2567 211·
748 2534 848 2560 Nullus
873 2534 969 2566 itaque
995 2532 1152 2560 mortalium
1180 2533 1272 2565 potest.
1297 2540 1344 2555 ιιι-ι·
1367 2530 1448 2555 verbo
1469 2538 1517 2554 ιιι-(-
1543 2529 1635 2553 mente
1656 2528 1787 2553 virtutem

133 2579 310 2614 psalmorum,
331 2578 352 2604 si
373 2587 427 2605 non
448 2577 592 2611 superficie
612 2578 748 2603 labiorum
769 2579 887 2603 tantum.
907 2577 954 2603 sed
974 2577 1084 2602 intenta
1103 2577 1196 2601 mente
1217 2575 1244 2600 in
1265 2573 1466 2607 omnipotentis
1488 2572 1535 2597 Ilei
1557 2571 1665 2597 laudem
1686 2580 1789 2596 ranun-

133 2625 192 2650 tur.
213 2621 360 2656 explicare.
398 2622 428 2647 In
451 2621 564 2655 psalmis
585 2621 680 2654 itaque
701 2621 836 2651 invenies,
856 2621 878 2646 si
898 2620 1008 2646 intenta
1027 2621 1119 2645 mente
1140 2617 1318 2652 perscruteris
1339 2618 1366 2642 et
1385 2616 1418 2642 ad
1439 2615 1593 2649 spiritalem
1615 2614 1788 2640 intellectum

134 2665 305 2700 perveneris.
325 2665 434 2691 Domini
457 2665 531 2691 verbi
553 2665 773 2691 incarnationem
794 2664 1006 2698 passionemque
1026 2665 1054 2689 et-
1078 2662 1308 2688 resurrectionem
1338 2662 1423 2693 atque
1453 2659 1649 2685 ascensionem.
1758 2658 1789 2683 ln

133 2709 248 2746 psalmis
266 2709 392 2735 invenies
412 2709 540 2735 intimam
565 2709 764 2735 confessionem
788 2710 966 2742 peecatorum
991 2709 1100 2733 tuorum
1123 2708 1149 2731 vt
1170 2706 1307 2738 integram
1328 2703 1551 2737 depreeationem
1572 2702 1683 2728 divinae
1703 2703 1788 2735 atque

134 2754 289 2781 dominicae
308 2752 523 2779 misericordiae.
