2089 3171
706 171 855 198 ALCVINI
876 171 1083 198 EPISTOLAE.
1119 173 1177 199 250.
1703 177 1764 205 405

115 260 220 290 estote
245 258 275 289 in
299 259 372 289 loco
398 261 505 289 vestro
531 262 562 288 et
586 259 616 288 in
642 258 815 289 devotione
832 259 989 300 propositi
1008 259 1117 290 vestri.
1156 260 1263 291 Nolite
1281 260 1506 302 derelinquere
1525 261 1762 292 sanctissimum
1799 262 1968 292 soi—802

115 315 240 352 patrem
265 314 408 341 vestrum
422 311 441 342 ¹.
489 310 579 341 State
613 311 697 341 circa
728 311 935 352 sepulchrum
964 311 1047 343 eius.
1078 314 1235 352 quatenus
1265 313 1318 343 ille
1350 323 1463 353 preces
1489 317 1613 344 vestras
1648 314 1764 343 otl'erat

116 363 330 404 omnipotenti
347 361 429 392 Deo.
475 361 584 392 Nolite
609 362 837 403 concupiscere
863 362 1028 393 seculares
1046 363 1218 397 vanitates.
1245 364 1301 394 sed
1320 365 1479 395 caelestes
1498 368 1604 395 amate
1622 364 1762 395 beatitu-

115 414 216 446 dines.
263 414 316 444 *Et
343 413 465 445 nolite'.
497 414 580 444 sicut
604 414 716 445 doctor
739 414 885 455 gentium
911 414 974 448 ait,
1008 414 1212 445 'conformari
1242 416 1313 446 huic
1339 417 1484 447 sacculo.
1517 416 1573 447 sed
1606 417 1761 447 reforma-
1774 428 1905 450 Romnae.

76 477 87 494 5
116 467 192 497 mini
218 467 248 496 in
274 467 416 497 novitate
442 476 556 496 sensus
582 465 702 496 vestri'.
742 466 850 508 Turpe
875 470 925 496 cst
949 466 1033 496 enim
1059 467 1216 497 monacho
1243 468 1391 498 militiam
1415 468 1594 509 spiritalem
1612 470 1761 499 amittere

114 523 147 550 et
171 519 392 550 saecularibus
418 529 452 549 se
478 518 644 559 implicare
669 519 818 559 negotiis.

216 570 289 601 Non
315 571 379 601 sint
402 570 671 600 murmurationes
698 570 779 600 inter
804 580 876 601 vos.
903 580 963 600 non
988 569 1077 603 odia.
1102 580 1165 600 non
1192 570 1348 605 invidiae,
1375 582 1436 601 non
1461 571 1694 604 detractiones:
1731 576 1964 604 ets-s.1.1³0tr.-.·1.

113 624 212 654 nolite
238 622 381 654 iudicare
409 622 607 652 alterutrum.
648 621 710 652 Sed
728 623 760 652 in
779 622 960 653 humilitate
978 626 1010 652 et
1028 622 1202 652 concordia
1228 632 1339 653 omncs
1358 628 1486 654 vestrae
1504 624 1582 654 fiant
1599 625 1760 656 actiones:

113 675 322 706 oboedientes
347 675 563 716 praepositis³
588 674 720 711 vestris.
756 684 818 704 non
843 674 882 704 ad
909 674 1036 705 oculum
1067 679 1206 706 tantum.
1242 674 1299 704 sed
1325 685 1365 705 ex
1391 675 1505 709 corde.
1539 677 1628 718 quasi
1654 688 1931 710 cei·a111‹=f.c·›1.:·.,·.›:›.

62 740 86 757 10
113 727 195 758 Deo.
251 726 466 757 Oboedientia
497 729 621 759 vestra.
658 726 776 756 caritas
808 729 931 763 vestra,
967 726 1131 757 humilitas
1165 730 1273 757 vestra
1302 730 1397 757 notae
1431 728 1494 758 sint
1525 729 1690 760 omnibus:
1728 733 1762 759 ut

113 779 243 822 plurimi
268 778 385 809 vestris
410 777 503 808 bonis
529 777 687 819 exemplis
713 777 902 808 erudiantur
928 782 959 808 et
983 778 1153 819 proficiant
1178 779 1208 808 in
1234 778 1340 809 salute
1365 779 1543 810 animarum
1569 791 1710 811 suarum.

216 830 249 862 Si
273 841 349 861 vero
373 829 578 861 venerandus
603 833 696 871 pater
720 829 878 860 Bouulfus
890 830 911 860 2.
944 830 1175 861 dilectissimus
1201 840 1293 861 meus
1318 830 1455 865 amicus.
1482 842 1545 862 non
1571 833 1680 863 valeat
1705 844 1761 874 pro

110 883 295 914 infirmitate
330 893 388 913 sua
424 882 559 923 implere
592 882 751 923 regularis
777 882 863 913 vitae
897 882 1062 917 duritiam,
1095 893 1152 913 vos
1182 882 1271 913 illum
1303 882 1445 913 iudicare
1471 884 1581 915 nolite.
1629 884 1693 915 Sed
1719 896 1761 915 ex

112 935 206 967 corde
240 934 389 966 oboedite
425 933 494 964 illib
527 937 559 964 et
587 938 693 965 amate
729 938 764 964 ut
798 938 933 975 patrem.
993 934 1076 969 Quia
1106 934 1176 975 ipse
1212 935 1366 965 rationem
1403 935 1587 967 redditurus
1624 937 1685 967 erit
1721 937 1760 967 de

61 998 84 1016 1⁵
113 987 283 1019 animabus
307 987 434 1018 vestris.
479 986 539 1016 Ille
576 996 633 1027 pro
660 986 750 1016 vobis
779 986 906 1017 laborat
929 986 1078 1027 vagando
1105 990 1138 1017 et
1169 987 1340 1023 currendo.
1371 991 1406 1018 ut
1437 989 1544 1029 quiete
1569 989 1703 1019 vivatis⁰
1729 992 1761 1019 et

110 1039 294 1081 regularem
318 1039 417 1069 vitam
441 1041 584 1069 vestram
610 1037 799 1068 custodiatis
823 1041 855 1068 et
879 1038 1005 1079 corpori
1030 1041 1138 1069 vestro
1168 1039 1354 1069 necessaria
1382 1039 1543 1071 habeatis.
1591 1040 1659 1071 Vos
1684 1051 1760 1071 vero

110 1092 207 1123 facite
228 1082 315 1122 *sicut
339 1090 396 1121 filii
427 1090 594 1121 carissimi.
642 1089 749 1120 Deum
780 1091 906 1123 timete.
931 1090 1036 1121 Deum
1063 1090 1204 1132 diligite,
1235 1094 1267 1122 et
1297 1102 1406 1122 curam
1440 1093 1634 1123 sanctissimi
1660 1094 1760 1134 patris

109 1143 210 1175 vestri
239 1143 359 1173 habete
390 1142 420 1172 in
455 1141 658 1172 orationibus
684 1142 816 1181 vestris,
854 1146 1013 1184 quatenus
1048 1142 1188 1183 longeva
1218 1144 1436 1185 prosperitate
1471 1144 1639 1175 vobiscum
1672 1145 1761 1175 vivat

109 1195 249 1227 feliciter
273 1198 305 1226 et
329 1194 507 1229 vobiscum,
533 1204 654 1235 vosque
680 1205 751 1224 cum
776 1194 842 1227 illo.
867 1195 964 1225 vitam
992 1195 1113 1226 habere
1140 1196 1330 1226 mereamini
1356 1196 1599 1238 sempiternam.

58 1261 84 1280 20
214 1247 491 1278 Adolescentulos
516 1249 643 1276 vestros
668 1250 868 1285 ammonete.
894 1247 1060 1283 instruite,
1086 1247 1200 1278 docete
1226 1248 1257 1278 in
1282 1248 1367 1278 omni
1392 1248 1566 1290 disciplina
1591 1252 1704 1280 sancta
1728 1253 1761 1280 et

108 1299 257 1330 doctrina
287 1299 461 1337 catholica,
494 1302 528 1329 ut
556 1298 645 1340 digni
675 1299 855 1329 habeantur
883 1299 915 1329 in
939 1299 1009 1329 loco
1035 1302 1143 1329 vestro
1173 1302 1272 1334 stare,
1305 1303 1337 1330 et
1367 1300 1532 1331 orationes
1565 1300 1645 1342 prod
1670 1301 1760 1331 vobis

108 1351 265 1393 dirigere.
298 1351 494 1392 ubicumque
526 1351 698 1382 maneatis.
746 1350 941 1381 Ammonete
967 1361 1023 1382 eos
1048 1351 1087 1382 de
1113 1352 1262 1382 castitate
1293 1353 1451 1393 corporis.
1485 1352 1524 1383 de
1556 1353 1760 1383 confessione

107 1407 316 1446 peccatorum
341 1413 482 1434 suorum.
508 1402 547 1434 de
573 1403 721 1434 lectionis
747 1403 852 1433 studio
877 1407 909 1434 et
934 1403 1065 1434 laboree
1089 1414 1243 1434 manuum
1270 1405 1338 1435 sine
1364 1405 1638 1441 murmuratione,
1664 1409 1696 1436 et
1721 1405 1760 1436 de

109 1456 258 1487 omnibus
283 1455 394 1493 rebus,
426 1465 508 1496 quae
533 1455 589 1485 tali
614 1458 723 1485 aetate
753 1456 939 1486 necessaria
964 1455 1143 1497 videantur.
1191 1455 1232 1486 Et
1260 1456 1305 1486 illi
1331 1456 1449 1487 subditi
1474 1457 1551 1487 fiant
1576 1457 1760 1488 senioribus

56 1519 80 1538 25
109 1512 141 1539 et
166 1508 329 1549 magistris
355 1507 420 1538 suis
446 1506 625 1537 humilitate
650 1507 749 1541 bona,
781 1511 814 1538 et
838 1507 1005 1548 rclegione
1035 1508 1190 1549 piissima..
1238 1508 1280 1539 Et
1303 1519 1374 1545 vos.
1406 1509 1551 1540 seniores
1585 1510 1637 1551 qui
1670 1510 1759 1543 estis,

106 1560 191 1591 bona
215 1560 261 1591 eis
284 1559 440 1601 praebete
468 1559 629 1601 exempla,
656 1563 690 1590 ut
707 1569 770 1590 non
789 1559 892 1590 solum
910 1560 1029 1595 verbis,
1049 1560 1107 1591 sed
1124 1561 1209 1591 vitae
1228 1561 1396 1601 relegione
1415 1564 1542 1592 vestrae
1561 1561 1761 1593 erudiantur.

105 1611 179 1643 Non
203 1612 266 1643 sint
289 1611 463 1650 luxoriosi,
488 1622 550 1642 non
577 1611 746 1642 ebrietatis
767 1612 962 1649 servientes,
989 1623 1052 1643 non
1078 1614 1332 1655 contemptuosi.
1357 1624 1421 1643 non
1447 1614 1561 1645 inanes
1587 1618 1759 1656 sequentes

104 1663 199 1695 ludos
211 1664 234 1703 ³,
259 1663 315 1695 sed
341 1663 467 1694 discant
485 1663 642 1695 officiales
668 1675 740 1695 esse
764 1663 840 1694 boni
867 1664 898 1694 in
923 1663 1019 1695 domo
1038 1664 1111 1697 Dei.
1136 1668 1171 1695 ut
1194 1665 1458 1696 benedictionem
1485 1669 1517 1696 et
1540 1666 1675 1707 gratiam
1701 1676 1760 1707 per

106 1716 372 1747 intercessionem
396 1717 497 1746 sancti
522 1715 693 1747 Bonefacii
717 1716 817 1757 patris
843 1716 891 1746 sui
917 1726 934 1746 a
959 1715 1019 1746 deo
1046 1715 1176 1747 Christo
1202 1717 1346 1758 recipere
1373 1721 1569 1749 mereantur.

55 1778 80 1798 30
210 1768 328 1810 Meque
352 1768 525 1810 deprecor.
556 1772 590 1799 ut
615 1772 774 1811 perpetua
799 1768 955 1799 memoria
986 1768 1134 1799 habeatis
1160 1768 1324 1799 vobiscum
1351 1769 1381 1799 in
1408 1770 1530 1800 sanctis
1556 1769 1758 1800 orationibus

106 1821 231 1852 vestris.
278 1819 421 1862 Tempus
446 1820 531 1850 enim
557 1820 811 1862 adpropinquat,
838 1820 923 1861 quod
947 1821 1054 1851 nullus
1070 1821 1224 1862 ⁵effugere
1252 1822 1348 1852 valet.
1396 1821 1575 1863 Praeparet
1600 1833 1634 1852 se
1659 1832 1757 1852 uuus-

106 1872 257 1914 quisque,
282 1875 316 1902 ut
341 1872 476 1903 vestitus
501 1872 593 1902 bonis
619 1873 776 1911 moribus,
802 1883 864 1903 non
890 1872 995 1903 nudus
1020 1877 1178 1914 appareat
1203 1873 1234 1903 in
1260 1876 1437 1915 conspectu
1463 1873 1584 1904 domini
1610 1873 1673 1903 Dei
1700 1874 1757 1904 sui.

208 1923 323 1955 Direxi
353 1934 453 1955 unum
484 1924 617 1966 pallium
649 1925 845 1960 storaciuin4
876 1925 915 1955 ad
946 1935 1065 1966 corpus
1098 1926 1201 1956 sancti
1231 1925 1401 1956 Bonefacii
1432 1926 1533 1967 patris
1566 1926 1682 1956 nostri.
1719 1925 1758 1956 de

107 1975 197 2006 cuius
228 1980 342 2007 sancta
371 1977 606 2008 intercessione
636 1988 692 2018 pro
721 1978 866 2018 peccatis
897 1978 978 2008 meis
1004 1988 1154 2019 magnam
1185 1977 1290 2008 habeo
1314 1977 1481 2014 fiduciam,
1512 1982 1673 2019 quatenus
1699 1988 1758 2018 ego

55 2040 80 2059 35
108 2031 260 2068 peccator
286 2028 338 2059 vel
369 2029 496 2059 veniam
533 2028 654 2060 habere
688 2039 816 2060 merear
849 2040 887 2060 ea
917 2029 983 2062 die.
1021 2040 1084 2071 qua
1114 2034 1223 2060 vestra
1254 2030 1410 2060 sanctitas
1441 2040 1591 2060 coronam
1623 2030 1759 2071 recipiet

106 2080 317 2112 beatitudinis
342 2086 508 2113 aeternae.

209 2133 282 2164 Misi
301 2134 457 2165 cartulam
474 2134 636 2165 missalem
656 2134 757 2165 vobis.
784 2146 801 2163 o
825 2135 1020 2165 sanctissimi
1039 2134 1222 2176 presbiteri.
1248 2137 1283 2164 ut
1300 2133 1449 2164 habeatis
1472 2133 1606 2174 singulis
1631 2133 1756 2167 diebus.

106 2185 222 2227 quibus
250 2195 363 2227 preces
393 2185 463 2217 Deo
493 2186 634 2227 dirigere
665 2186 797 2217 cuilibet
826 2187 970 2228 placeat:
1004 2187 1132 2228 quando
1165 2187 1194 2216 in
1226 2186 1381 2216 honorem
1413 2189 1545 2215 sanctae
1577 2185 1757 2223 Trinitatis7

107 2237 235 2279 quando
260 2238 300 2269 de
324 2248 434 2269 amore
460 2239 654 2280 sapientiae.
681 2238 808 2279 quando
835 2238 874 2269 de
899 2239 1099 2280 penitentiae
1124 2239 1281 2275 lacrimis7
1307 2237 1434 2279 quando
1459 2237 1499 2267 de
1525 2237 1660 2267 caritate
1685 2248 1757 2278 per-

54 2311 80 2329 40
107 2291 206 2329 fecta,
243 2291 294 2321 vel
319 2291 445 2332 quando
475 2291 514 2321 de
549 2291 701 2331 suffragio
726 2291 874 2332 angelico
900 2291 1127 2332 postulando?
1158 2291 1208 2321 vel
1239 2291 1382 2320 omnium
1414 2292 1598 2319 sanctorum
1625 2289 1758 2319 cuilibet

106 2343 268 2384 postolare
293 2343 413 2384 placet:
447 2343 498 2373 vel
525 2343 621 2373 etiam
647 2343 672 2373 si
698 2343 768 2383 quis
793 2353 849 2384 pro
875 2343 1019 2384 peccatis
1045 2343 1126 2373 suis.
1159 2343 1209 2373 vel
1234 2353 1292 2384 pro
1318 2341 1462 2383 quolibet
1489 2341 1590 2371 amico
1616 2341 1756 2373 vivente.

106 2395 158 2425 vel
183 2395 278 2425 etiam
303 2395 495 2436 pro'amicis
520 2394 683 2436 plurimis,
708 2395 760 2425 vel
786 2394 883 2425 etiam
908 2394 1062 2425 fratribus
1087 2394 1126 2425 de.
1153 2394 1213 2425 hoc
1238 2394 1368 2424 saeculo
1393 2392 1622 2424 recedentibus
1649 2393 1756 2423 facere

107 2447 183 2477 velit
207 2447 386 2478 orationes:
412 2447 463 2477 vel
489 2446 616 2488 quando
642 2446 829 2488 spccialiter
854 2446 969 2477 beatae
988 2446 1110 2477 Mariae
1136 2446 1309 2488 genetricis
1334 2445 1396 2475 Dei
1422 2445 1555 2485 virginis
1580 2449 1756 2485 perpetuae

209 2577 233 2610 a)
253 2578 387 2610 propositis
406 2578 441 2601 II.
525 2577 549 2607 b)
568 2577 641 2601 illum
662 2577 695 2601 H.
782 2578 805 2609 c)
826 2578 912 2602 vivere
931 2578 966 2602 Π.
1051 2576 1076 2607 d)
1101 2578 1227 2602 orationes
1252 2585 1296 2609 pro
1320 2575 1421 2607 sempsit
1440 2575 1464 2599 J.
1484 2584 1533 2606 pro
1556 2574 1699 2598 orationum
1720 2573 1754 2598 II.

53 2630 78 2648 45
106 2625 129 2652 Ε)
149 2621 248 2646 labores
268 2622 302 2647 ll.
373 2620 392 2651 s)
411 2622 533 2646 ebrietate
557 2621 588 2644 H.
660 2624 685 2647 g)
705 2622 829 2653 suffragia
847 2622 967 2653 angelica
987 2621 1140 2653 postulanda
1164 2620 1195 2645 IJ.

210 2698 236 2731 1)
255 2700 377 2723 sunonem
403 2698 581 2729 Bonifatium.
664 2700 689 2723 ’.ἐκ
712 2698 865 2730 Rtmqnlsns
889 2698 969 2723 abluis
997 2697 1141 2723 Fuldensis
1163 2700 1308 2723 faustam),-
1331 2695 1362 2719 tle
1381 2704 1432 2727 qim
1459 2695 1484 2719 in
1507 2694 1607 2719 Amutzl.
1629 2693 1756 2719 1‹'1ddens.

105 2741 154 2775 (erl.
168 2742 258 2767 Kurw
272 2750 299 2774 p.
316 2743 354 2774 15)
372 2741 410 2767 sic
429 2744 464 2766 est
483 2741 520 2766 ad
532 2746 596 2766 ⁸02.-
617 2741 652 2766 1¹20
673 2749 745 2766 anuo
762 2741 921 2773 Bougult'us.
941 2741 1027 2767 abluis
1044 2740 1188 2766 Fuldensis
1203 2739 1336 2767 coenobii,
1357 2738 1454 2763 relicta
1470 2746 1552 2770 quani
1567 2737 1665 2762 habuit
1679 2738 1756 2770 poto-

103 2786 188 2816 state,
209 2784 373 2818 Ratgarium
394 2792 574 2810 successorem
594 2784 711 2817 accepit.
747 2784 856 2810 Alerini
877 2792 934 2809 reru
953 2785 1063 2816 epistola
1083 2785 1238 2816 amanteum
1258 2784 1292 2807 est
1315 2782 1488 2814 qumls'am
1506 2780 1564 2805 rideo
1586 2780 1755 2812 “ludlow-isse,

101 2828 173 2861 quod
190 2828 221 2854 in
239 2828 426 2854 memte-horum
445 2836 555 2853 snorum
574 2828 745 2858 offensionem
765 2828 928 2854 incurrisset.
943 2829 967 2854 .l,
1039 2829 1066 2859 3)
1083 2828 1123 2859 (Y.
1138 2835 1223 2860 snprn
1240 2835 1266 2858 p.
1282 2830 1326 2851 10¹1!
1339 2834 1363 2850 η.
1376 2830 1398 2867 1..
1464 2825 1489 2852 4)
1505 2824 1546 2855 Cf,
1563 2824 1639 2855 infra
1656 2833 1684 2857 1¹-
1700 2826 1755 2850 413.
