2089 3171
67 732 91 750 m

63 1516 88 1534 25

64 1777 89 1795 30

62 2036 86 2056 3⁵

62 2621 86 2641 45

654 165 761 191 PAULI
782 165 828 191 ET
848 165 999 191 PAULINI
1020 166 1226 192 EPISTOLAF..
1708 169 1767 196 517

220 250 291 276 Edd.
306 251 443 277 Baronius
454 251 556 277 Amzal.
570 251 656 277 eccles.
672 260 696 276 α.
713 255 765 276 ‹so-2
785 260 810 277 n.
826 255 839 276 Τ
856 253 895 276 tea:
912 251 1039 277 Vaticano
1063 252 1258 277 mendosissimo
1276 252 1369 277 codic-c*
1389 252 1497 277 initium
1516 255 1539 277 et
1555 252 1644 283 finem,
1669 259 1701 277 eat
1719 260 1770 284 quo

118 293 206 319 Labbc
224 294 331 326 aliique,
351 295 479 327 integram
500 293 641 326 Balaam,
661 294 834 319 Miscellanea
855 294 916 326 VH,
931 298 1011 320 6—13
1028 303 1060 320 ea·
1078 295 1133 321 cod.
1151 295 1283 320 Vaticano
1303 295 1406 322 (iterum
1427 295 1465 321 ecl.
1480 295 1584 327 Mami,
1605 295 1636 321 M
1640 295 1716 321 iscell.
1731 295 1770 321 ed,

118 336 162 361 1111.
177 336 216 367 ΙΙ,
231 340 352 369 (fo—62),
374 345 427 370 rep.
444 336 600 362 Madv-isius
614 337 638 362 S.
653 336 766 362 Paulini
783 345 843 370 opp.
861 341 994 363 191—193.
1014 353 1046 356 —
1067 339 1161 372 Jliym
1183 338 1285 364 I’alrol,
1302 338 1409 370 XCIX,
1423 343 1558 365 :ill—5115.

131 424 328 449 CATHOLICO
347 425 552 456 SEMPERQUE
572 426 606 449 IN
627 426 772 449 CHRISTO
792 426 942 449 INCLYTO
961 426 1198 450 TRIUMFATORI
1218 427 1340 451 DOMNO
1360 427 1494 451 CAHOLO
1514 427 1633 451 DIVINA
1654 427 1752 451 CORO-

284 468 399 492 NANTE
419 469 617 493 CLEMENTIA
637 469 735 492 REG1³³
755 469 925 493 PAULINUS
943 469 1092 493 MINIML'S
1111 469 1251 493 OMNIUM
1271 470 1454 494 SERYORL'M
1469 471 1604 494 SERVL'S.

222 517 380 550 concordi
408 520 568 561 parilique
592 519 764 550 devotione
789 530 859 550 cum
885 520 1040 550 fratribus
1065 524 1097 550 et
1122 531 1193 550 cum
1220 520 1507 551 consacerdotibus
1532 522 1650 551 nostris
1676 532 1769 551 roseo

118 571 149 601 in
169 570 290 602 Christi
314 571 390 602 Iesu
416 582 528 602 cruore
547 575 697 602 aeternas
714 572 937 613 multipliciter
954 571 1090 613 supplici
1108 573 1340 603 concinnamus
1359 572 1504 603 stilisona
1530 583 1610 603 voce
1636 573 1769 604 salutes.

118 622 160 653 Et
184 623 285 653 sacris
309 627 516 664 paternorum
542 633 699 654 canonum
724 624 871 654 valenter
900 623 1111 655 incitantibus
1142 623 1357 655 documentis.
1389 629 1421 655 et
1446 625 1572 656 vestris.
1598 629 1631 655 ut
1658 635 1769 655 verum

117 679 262 706 resonat.
294 675 425 705 mellitis
460 674 640 706 salubriusb
664 676 882 706 inrorantibus
907 676 1044 706 salivis0.
1073 677 1105 706 in
1136 676 1211 708 hac.
1237 676 1286 706 cui
1312 676 1382 707 Deo
1408 680 1538 707 auctore
1562 677 1639 707 licet
1663 677 1768 717 indig-

117 736 177 757 nus
202 726 398 768 indignoque
423 727 581 757 famulatu
606 727 770 758 deservio.
797 727 874 758 sede
886 728 907 761 ¹,
933 728 1104 758 concilium
1131 728 1275 758 habitum
1301 728 1404 758 altid'2
1427 729 1528 759 fuisse
1554 729 1613 759 sub
1639 729 1768 759 nomine

117 778 212 819 regis,
243 779 520 820 tranquillissimis
545 784 673 810 vestrae
705 780 889 810 serenitatis
917 779 1047 810 auribus
1079 789 1198 821 operae
1229 781 1366 821 pretium
1399 780 1551 811 duximus
1583 780 1770 811 humillimis

115 830 240 869 horum,
265 831 411 872 quamvis
437 831 640 861 incultorum.
666 831 794 872 apicum
828 831 1017 873 suppliciter
1045 831 1163 861 notulis
1197 832 1357 863 intimare.
1404 831 1476 862 Non
1509 833 1593 863 enim
1620 833 1696 862 iuris
1722 832 1769 862 fas

116 886 181 919 est.
217 893 277 913 nec
308 886 416 924 potest
444 883 589 924 quelibet
620 882 715 913 docili
747 883 875 924 digesta
906 884 1030 914 calamo
1061 883 1227 914 rationalis
1259 883 1400 915 formula
1428 885 1552 915 sanctio
1578 885 1769 926 perspicuee

116 937 186 965 rata
209 935 329 976 putari.
355 935 416 965 nisi
443 935 537 966 fuerit
562 935 704 966 iudiciali
731 937 854 967 calculo
882 937 1084 978 exploratius
1110 936 1314 966 examinata..
1347 937 1538 977 argentique
1565 948 1652 967 more
1679 947 1695 967 a
1721 937 1770 967 sui

78 994 89 1011 ὃ
117 986 273 1028 rubiginis
302 987 405 1017 scoria
438 988 685 1029 septimpliciter
716 988 843 1029 probati
877 992 1057 1030 expurgata
1094 987 1318 1019 conbustione.
1376 988 1419 1018 Et
1450 992 1525 1019 tuno
1558 989 1769 1030 plurimorum

115 1038 236 1075 iudicio
259 1039 326 1069 iure
351 1039 462 1069 fulcita
496 1041 614 1080 poterit
645 1041 742 1070 sacris
767 1041 890 1071 inserta
913 1040 998 1071 foliis
1023 1041 1209 1071 veneranda
1234 1040 1347 1071 videri.
1395 1041 1550 1082 Alioquin
1584 1052 1645 1071 non
1680 1041 1768 1071 satis.

115 1094 150 1121 ut
173 1100 255 1127 reor,
279 1091 411 1132 proprio
437 1091 626 1122 tantundem
654 1092 826 1122 scribentis
851 1093 973 1123 valebit
998 1092 1130 1123 arbitrio
1156 1092 1334 1134 probabilis
1359 1093 1514 1124 estimari.

219 1141 364 1183 Cumque
396 1152 435 1173 ex
469 1142 618 1174 condicto
654 1144 685 1174 in
721 1155 819 1174 unum
856 1145 1042 1175 eannonicis
1075 1148 1209 1176 coactus
1239 1145 1374 1186 syllabis
1408 1145 1620 1176 sacerdotalis
1656 1151 1768 1175 coetus

115 1194 267 1235 religiosa
291 1195 497 1226 convenisset
521 1195 703 1226 devotione.
729 1197 919 1237 requisitum
946 1197 1092 1238 protinus
1117 1197 1323 1228 concorditer
1348 1201 1485 1228 constat.
1512 1208 1635 1228 summa
1654 1202 1769 1238 quant—

117 1246 203 1277 otius
239 1246 429 1287 explorante
465 1246 654 1278 subtilitatis
691 1249 886 1289 sagacitate.
932 1248 1203 1290 quemadmodum
1241 1249 1386 1280 eiusdem
1419 1249 1564 1280 declarat
1594 1249 1768 1280 reverendi

114 1298 243 1329 concilii
268 1298 501 1329 solertissimus
533 1298 626 1330 ordo.
658 1299 697 1330 de
722 1310 924 1341 quacumque
949 1301 1045 1331 activi
1070 1301 1193 1342 negotii
1218 1301 1390 1342 qualitate.
1423 1301 1461 1331 de
1487 1312 1585 1332 causa
1610 1301 1768 1343 siquidem

114 1349 293 1382 ortodoxae
322 1350 412 1381 fidei.
447 1350 486 1381 de
518 1354 602 1382 statu
631 1352 707 1393 quin
739 1353 837 1382 etiam
867 1363 904 1383 ac
935 1352 1060 1383 famosa
1093 1353 1307 1384 ecclesiastici
1343 1354 1491 1384 culminis
1523 1354 1696 1395 dignitate.
1730 1354 1769 1384 de

113 1412 220 1433 rerum
245 1413 521 1447 quarumcumque
546 1403 757 1445 dispendiosa
781 1405 925 1435 iactura.
957 1404 996 1435 de
1022 1404 1282 1446 quibuscumque
1314 1406 1506 1436 necessariis
1533 1406 1768 1436 susurrantium

113 1454 318 1494 questionum
342 1455 564 1496 petitionibus.
590 1455 629 1486 de
655 1456 771 1497 quibus
798 1457 881 1487 iuste
906 1460 1057 1498 recteque
1083 1458 1236 1498 conqueri
1262 1462 1380 1498 potest.
1407 1467 1609 1499 quarumque
1635 1458 1769 1498 querule

116 1505 344 1548 disputationis
375 1507 549 1539 exhibitio,
582 1507 703 1538 nodosa
733 1508 843 1538 licium
872 1508 1069 1549 adligatione
1101 1513 1266 1540 contorta.
1301 1509 1496 1539 sacerdotali
1523 1508 1772 1540 nichilominuss

114 1556 323 1589 desiderabat
347 1559 512 1590 enodatim
537 1559 741 1591 dirimatione
766 1561 896 1592 resolvi.
984 1556 987 1557 ⁷

217 1609 310 1642 Haec
340 1614 469 1642 nostrae
498 1611 698 1643 humillimae
732 1613 900 1654 parvitatis
931 1613 1095 1655 exiguitas
1129 1614 1220 1644 iuxta
1250 1614 1440 1644 tenuissime
1470 1614 1575 1644 minus
1601 1618 1635 1644 ut
1660 1613 1769 1645 decuit

114 1662 330 1704 incapabilem
353 1663 590 1705 intelligentiae
608 1670 738 1695 nostrae
757 1665 983 1706 capacitatem.
1009 1676 1073 1695 non
1096 1670 1129 1696 ut
1148 1666 1238 1696 iuxta
1257 1670 1514 1696 consummatam
1533 1665 1767 1707 perfectionem

115 1713 244 1745 celebre
276 1714 475 1756 dignumque
506 1715 625 1746 fuerat.
660 1727 718 1747 nec
745 1721 778 1746 ut
802 1717 882 1747 tanti
908 1717 1063 1757 exigebat
1087 1727 1224 1748 censura
1249 1718 1432 1758 regiminis.
1466 1717 1522 1748 sed
1552 1718 1583 1748 in
1615 1721 1768 1759 quantum

117 1775 264 1797 annuens
288 1766 447 1798 inmeritis
473 1767 564 1798 nobis
590 1768 747 1798 altissima
771 1768 903 1810 dignata
929 1774 977 1799 est
1002 1770 1143 1810 gratuito
1170 1780 1302 1800 munere
1326 1770 1435 1811 largiri
1461 1770 1649 1800 clementia.
1675 1774 1769 1811 prout

115 1818 160 1848 rei
186 1818 266 1848 ratio
293 1819 501 1860 prestabilius
527 1820 739 1861 exposcebat.
766 1821 805 1851 tle
831 1821 968 1863 singulis
995 1822 1251 1864 quibuscumque
1277 1823 1506 1864 temptavimus
1531 1822 1768 1853 inevitabilium

114 1870 318 1911 negotiorum
351 1872 583 1912 quaerimoniis
614 1873 788 1914 explicare.
836 1872 928 1908 Quae
959 1878 1074 1904 cuncta
1105 1875 1194 1905 iuxta
1227 1875 1324 1904 moris
1357 1875 1458 1904 nostri
1491 1884 1552 1904 non
1584 1874 1768 1915 incognitae

114 1922 238 1963 gloriae
263 1926 391 1954 vestrae
417 1924 590 1955 voluntatis
615 1929 744 1956 nostrae
770 1925 1053 1956 consuetudinem.
1091 1926 1362 1968 quemadmodum
1388 1927 1418 1956 in
1444 1928 1548 1956 fronte
1574 1925 1669 1956 huius
1694 1936 1766 1967 pre-

113 1973 172 2005 fati
196 1985 308 2006 sumus
334 1976 483 2017 epistole.
509 1977 541 2007 in
566 1981 697 2008 vestrae
723 1978 896 2018 potestatis
922 1979 1128 2019 emancipata
1153 1978 1296 2009 arbitrio.
1322 1979 1352 2008 in
1380 1981 1514 2008 vestrog
1539 1977 1767 2008 nichilominus

115 2025 319 2058 decrevimus
336 2038 505 2059 reservare
523 2028 657 2059 iudicio:
683 2030 835 2070 quatinus
853 2029 961 2060 subtili
979 2030 1157 2061 libraminis
1176 2030 1273 2061 vestri
1300 2030 1499 2060 moderatius
1525 2030 1616 2060 lance
1642 2029 1767 2060 librata.

115 2079 142 2109 si
167 2079 299 2110 sinistro
323 2080 398 2121 plus
422 2081 506 2111 iusto
532 2081 700 2112 relabente
725 2081 956 2112 moderaminis
982 2082 1212 2124 perpendiculo
1236 2082 1358 2112 nullius
1383 2092 1455 2112 esse
1481 2081 1768 2124 deprehendantur

115 2132 284 2162 momenti.
309 2136 437 2163 vestrae
462 2133 664 2163 auctoritatis
690 2144 828 2164 censura
852 2135 980 2176 penitus
1007 2135 1129 2165 abolita
1154 2134 1331 2176 sopiantur.
1379 2134 1413 2164 Si
1438 2144 1515 2164 vero
1540 2134 1677 2164 alicuius
1704 2134 1766 2164 for-

115 2184 212 2214 tassis
235 2183 384 2215 utilitatis
409 2195 492 2226 equo
515 2185 678 2226 pendente
702 2186 880 2217 libraminis
907 2187 995 2217 disco
1021 2192 1107 2217 rata.
1137 2187 1162 2217 si
1189 2186 1251 2217 dici
1277 2187 1383 2217 liceat.
1408 2190 1560 2227 poterunt
1585 2185 1766 2227 adprobari.

114 2236 232 2266 vestris
255 2235 368 2266 fulcita
392 2236 506 2267 fortius
531 2237 727 2269 adiumentis
755 2239 911 2269 vivaciter
935 2239 1175 2270 convalescant.

218 2286 311 2323 Quod
342 2288 368 2318 si
399 2289 466 2319 sola
500 2290 677 2330 putationis
709 2291 891 2332 ventivagis
917 2291 1085 2332 palmitum
1120 2291 1348 2321 fruticantibus
1380 2290 1462 2320 foliis
1497 2289 1641 2330 indigent
1672 2290 1766 2320 falce.

113 2339 159 2370 ita
187 2338 358 2370 dumtaxat
386 2344 421 2370 ut
450 2342 607 2371 resecatis
642 2342 790 2372 vitiorum
823 2344 994 2374 truncatim
1032 2345 1218 2374 sarmentis.
1256 2344 1286 2373 in
1321 2343 1445 2373 camino
1480 2348 1623 2372 vestrae.
1654 2348 1687 2372 ut
1723 2343 1765 2372 ita

113 2390 265 2430 dixerim,
294 2386 457 2423 conbustis
487 2393 684 2434 sapientiae.
715 2394 745 2424 in
772 2404 810 2423 eo
836 2400 869 2424 ut
893 2395 932 2426 ad
957 2395 1083 2426 favillas
1113 2395 1302 2436 folligenum
1333 2394 1531 2434 redigantur.
1562 2405 1598 2424 ac
1624 2405 1682 2435 per
1706 2394 1766 2424 hoc

114 2443 259 2484 explosa.
285 2443 324 2474 ad
349 2455 463 2485 purum
490 2446 685 2486 semiputata
710 2448 911 2487 paupertatis
937 2452 1068 2478 nostrae
1095 2448 1199 2477 vineta
1222 2447 1393 2477 mustitlua.
1420 2452 1582 2487 gemmato
1609 2456 1764 2487 suspensa

217 2574 240 2605 ⁸)
259 2575 405 2607 ἰΠἸΙΜΞΥἎῙΏῩῙ
424 2575 490 2600 Bar·
571 2575 595 2605 ¹³)
615 2577 764 2601 Sillubribuss
783 2577 848 2601 ssar.
924 2578 947 2610 c)
967 2579 1037 2603 saliis
1056 2579 1084 2603 V:
1104 2579 1211 2610 syllabis
1234 2577 1304 2607 Bar„
1327 2577 1385 2600 Bal.
1469 2575 1493 2607 t¹)
1514 2577 1592 2600 Altini
1612 2576 1687 2601 Bar..
1708 2576 1766 2600 [ἰαί.

115 2618 139 2649 Θ)
159 2618 291 2650 prespicue
309 2618 335 2643 V.
407 2618 427 2652 s)
447 2620 524 2644 nichil
546 2620 654 2644 hominis
672 2619 698 2644 Γ.
769 2624 794 2647 g)
815 2629 860 2645 uro
884 2620 908 2645 1⁷.

218 2687 244 2717 1)
266 2686 466 2712 Forumiulium
487 2687 669 2721 municipium
696 2689 870 2722 metropolim
892 2689 1097 2722 A‹·1uileieiiseiii
1121 2695 1206 2715 (nnnc
1232 2688 1360 2720 Cia-idale)
1379 2688 1461 2713 (licere
1486 2687 1596 2719 ridetur,
1621 2690 1652 2719 cl.
1670 2688 1765 2713 Concil.

115 2727 303 2754 Foroiuliense
316 2729 354 2761 (S.
368 2729 481 2755 Paulini
497 2739 554 2763 opp.
570 2731 606 2756 mi.
624 2731 773 2757 Madrisius
782 2740 812 2765 p.
828 2736 877 2765 65).
944 2734 969 2758 *2¹¹
991 2733 1036 2758 Ere
1054 2733 1103 2758 hac
1123 2741 1180 2757 roce
1200 2732 1282 2757 dubia
1297 2732 1441 2757 elicuerunt
1456 2731 1595 2756 Baronins
1612 2730 1766 2756 Madv-isius

113 2771 190 2797 ceteri
206 2772 346 2798 concilium
368 2773 499 2805 Αλὶἱηιιὶε,
524 2773 554 2798 de
579 2783 630 2806 quo
649 2774 716 2798 nihil
734 2774 798 2800 alibi
816 2775 940 2801 traditur.
980 2775 1087 2802 Rectius
1104 2776 1153 2800 lias:
1172 2776 1296 2808 opinione
1315 2775 1419 2807 aplos-a
1441 2774 1581 2805 Balun'ns.
1603 2774 1647 2799 cni
1668 2775 1765 2799 Mans-1⁴

113 2813 272 2848 adsentitur,
289 2816 332 2842 hic
351 2816 383 2841 (Ie
400 2817 509 2842 concilio
530 2817 715 2843 Enoinliense
735 2818 831 2844 (lm-olo
851 2827 904 2852 reqc
923 2819 1055 2851 (nondum
1077 2819 1241 2851 {rapui-amre)
1261 2828 1285 2844 α.
1302 2823 1354 2844 79].
1375 2817 1462 2846 habito
1481 2817 1525 2851 αφ’
1544 2818 1657 2843 censuit.

1804 250 1861 279 791
