2089 3171
26 720 50 739 10

27 1212 50 1231 1⁵

27 1502 51 1521 20

27 1761 52 1780 25

27 2021 54 2040 30

30 2278 55 2298 ³5

628 158 776 184 Achmi
796 157 1006 184 ErisTOLAE.
1046 159 1102 185 104.
1123 159 1180 185 105.
1678 163 1729 191 151

76 245 208 276 videant
234 256 331 286 opera
358 250 484 276 vestra³
510 245 591 276 bona
619 248 650 275 et
674 244 856 285 glorificent
880 248 1005 285 patrem
1023 245 1200 277 nostrum‘h
1226 247 1278 286 qui
1305 247 1335 276 in
1361 246 1459 276 caelis
1486 253 1546 278 ost.
1592 246 1735 287 Tempus
1771 247 1832 276 796

76 297 184 338 itaque
209 297 303 327 huius
328 297 464 328 laborisc
489 295 748 329 brevissimuind,
773 296 1045 327 remunerationis
1070 298 1249 327 aeternitas
1268 298 1468 338 longissima.
1505 297 1589 332 Quid
1607 298 1735 328 beatius
1747 289 1900 335 Εἱὶἶᾷἓῗζζὲ

80 353 138 380 est.
164 359 259 389 quani
285 348 324 379 de
350 349 409 379 hac
427 349 571 390 presenti
588 348 716 379 miseria
742 347 780 378 ad
800 353 945 378 eternam
963 349 1100 378 transire
1118 348 1319 379 felicitatem.
1357 349 1533 380 Adtendite
1552 350 1736 391 diligenter.

77 404 112 430 ut
143 400 263 441 patria.
300 410 394 441 quam
420 400 481 431 Dei
510 400 593 430 dono
624 400 722 429 nostri
754 403 951 440 acceperunt
981 407 1150 440 parentes,
1186 400 1415 431 benedictione
1450 401 1583 432 caelesti
1617 402 1736 431 nostris

78 456 226 482 servetur
263 452 448 493 nepotibus.
501 452 729 493 Multiplicatio
765 451 876 492 gregis
903 462 1028 482 merces
1065 456 1115 482 est
1154 453 1309 493 pastoris.
1345 459 1377 482 et
1407 453 1494 482 salus
1526 453 1634 493 populi
1666 453 1736 483 laus

77 504 266 534 sacerdotis.
305 503 418 534 Omnis
444 504 654 546 prohibeatur
679 503 931 544 intemperantia
956 508 987 533 et
1004 503 1172 534 iniustitia.
1199 505 1323 534 01111115ε
1349 503 1504 534 honestas
1529 509 1561 534 et
1579 504 1737 535 sobrietas

77 555 249 587 doceatur:
274 560 309 585 ut
326 556 357 586 in
376 556 461 586 omni
480 555 727 586 conversatione
746 555 831 586 vitae
850 555 1079 586 honorificetur
1103 555 1183 586 deus
1210 555 1369 589 Christus.
1395 562 1427 586 et
1445 556 1615 587 benedicta
1633 557 1737 598 gratia

77 607 162 638 illius
187 607 350 638 custodiat
375 618 431 638 vos
456 607 575 648 ubique
601 607 632 637 in
656 606 787 637 laudem
813 610 845 637 et
869 607 901 637 in
925 607 1060 647 gloriam
1087 607 1191 637 sancti
1217 608 1265 637 sui
1291 607 1429 637 nominis
1456 608 1487 637 in
1513 613 1693 638 aeternum.

181 659 252 690 Hec
278 663 312 689 ut
337 663 447 690 nostra
473 659 624 697 credatis.
650 663 760 689 nostro
786 658 892 699 sigillo
917 658 1028 689 subter
1053 659 1276 699 sigillavimus.

182 711 374 742 Benedictio
400 710 462 742 Dei
488 711 588 752 patris
621 711 653 741 in
677 710 781 751 gratia
807 714 839 740 et
863 710 998 741 caritate
1024 710 1143 741 Christi
1170 715 1202 741 et
1226 710 1447 741 consolatione
1473 711 1574 741 sancti
1599 710 1737 752 Spiritus

76 773 133 793 vos
161 763 331 793 comitetur
355 766 388 793 et
413 763 443 793 in
469 763 555 793 omni
581 762 728 793 bonitate
753 761 925 793 custodiat.
952 762 1073 793 domini
1099 763 1293 793 sanctissimi
1319 766 1351 793 et
1375 773 1500 793 summo
1524 763 1648 794 honore
1666 763 1735 804 dig-

75 814 202 845 nissimi
228 818 348 856 patres.
375 815 475 845 nostri
501 825 658 846 memores
683 815 714 844 in
739 817 919 844 aeternum.
967 814 1096 846 Valete.

876 1032 944 1062 105.

179 1092 334 1123 Alcvinus
357 1091 583 1123 Edillhrmlam
613 1091 821 1129 abbatissam,
855 1090 1012 1130 quondam
1041 1091 1196 1131 reqinam,
1229 1091 1264 1121 (ἶο
1291 1091 1356 1130 filii
1378 1091 1556 1122 Aethio-edi
1578 1091 1739 1122 Nortlzun-

77 1144 278 1175 membrorum
303 1144 384 1184 reyz's
407 1153 478 1175 nece
502 1143 687 1174 cmzsolatur.
1324 1143 1385 1173 796
1404 1145 1476 1183 post
1498 1143 1580 1183 Apr.
1601 1145 1650 1174 18.

183 1203 246 1229 eod.
265 1203 287 1230 S
300 1204 347 1235 fol.
361 1206 497 1230 173-174.

183 1246 256 1273 Edd.
276 1247 366 1280 F151,
385 1247 405 1272 J
419 1250 458 1273 62.
477 1263 512 1266 —
531 1247 628 1280 Miyne
646 1246 693 1272 col.
712 1248 767 1272 473.

100 1334 365 1359 DILECTISSIMAE
384 1335 420 1359 IN
442 1334 589 1358 CHRISTO
608 1334 717 1357 MATRI
737 1332 1005 1356 EDILTHRUDAE¹
1025 1332 1171 1356 HUMlLis
1189 1332 1317 1356 LEVITA
1336 1333 1533 1357 ALCHYINL‘S
1552 1334 1721 1358 SALUTEM.

181 1384 284 1421 Quia*
314 1385 578 1427 praesentialiter
608 1384 717 1416 verbis
748 1387 888 1415 vestram
925 1383 1146 1429 dulcissimam
1183 1383 1391 1414 dilectionem
1425 1384 1464 1414 ob
1501 1384 1738 1425 longitudinem

79 1436 291 1468 habitationis
316 1441 447 1469 nostrae
472 1447 660 1468 ammonere
686 1446 822 1477 nequeo.
848 1435 922 1466 ideo
947 1435 1131 1465 litterarum
1157 1435 1262 1466 officio
1282 1435 1418 1477 implere
1443 1447 1506 1466 non
1525 1447 1629 1469 cesso.
1656 1446 1738 1477 quae

80 1489 211 1530 linguae
235 1489 472 1520 ministratione
497 1488 693 1529 denegatur:
728 1487 918 1519 desiderans
944 1490 1011 1517 toto
1037 1486 1141 1517 cordis
1171 1487 1235 1517 mei
1260 1487 1402 1518 affectub
1427 1492 1458 1519 te
1484 1488 1613 1528 ubique.
1639 1489 1738 1519 caris-

77 1541 160 1572 sima
183 1544 303 1575 mater.
335 1542 367 1572 in
392 1541 478 1571 omni
502 1541 660 1582 proficere
684 1540 786 1570 bono:
819 1542 854 1569 ut
879 1538 975 1579 digna
1000 1538 1151 1569 efficiaris
1177 1539 1208 1568 in
1235 1549 1344 1569 eorum
1371 1540 1496 1570 censeri
1521 1550 1669 1572 numero.
1700 1539 1738 1570 de

77 1593 194 1634 quibus
218 1593 249 1623 in
274 1593 443 1634 evangelio
468 1592 615 1623 dominus
642 1595 752 1622 noster
768 1590 861 1622 Iesus
880 1589 1029 1621 Christus
1058 1589 1236 1631 respondit:
1263 1589 1397 1624 *Omnis
1421 1592 1475 1632 qui
1494 1591 1607 1622 fecerit
1624 1592 1903 1624 Volun-Matth,12‚50.

76 1648 178 1676 tatem
203 1645 304 1687 patris
330 1645 410 1681 mei,
435 1646 488 1686 qui
512 1645 544 1675 in
569 1645 668 1675 caelis
694 1647 759 1681 est,
784 1644 855 1685 ipse
880 1642 959 1673 mihi
984 1646 1089 1672 mater
1113 1645 1144 1672 et
1167 1640 1290 1673 frater'.
1338 1641 1509 1677 Quomodo
1534 1646 1652 1675 mater.
1678 1643 1740 1673 nisi

79 1701 194 1728 sancta
218 1698 352 1728 caritate
382 1697 415 1728 in
439 1696 617 1727 visceribus
643 1695 748 1726 cordis
785 1695 921 1736 perfecti
947 1693 1079 1725 cottidie
1103 1694 1323 1734 generatur&
1369 1693 1456 1725 Ecce
1482 1695 1610 1736 qualem
1640 1695 1739 1725 filium

80 1749 199 1791 poterit
228 1749 282 1791 pia
314 1752 418 1780 mater
447 1748 584 1785 habere.
622 1747 760 1779 eundem
790 1747 896 1789 ipsum
922 1745 1029 1777 Deum
1054 1755 1166 1793 regem
1198 1756 1235 1776 ac
1261 1745 1500 1787 redemptorem
1527 1747 1623 1777 etiam
1652 1752 1684 1777 et
1708 1747 1740 1777 in

81 1800 230 1832 omnibus
254 1800 517 1832 tribulationibus
543 1800 789 1830 consolatorem.

184 1852 308 1884 Multae
339 1856 413 1883 sunt
435 1852 664 1882 tribulationes
693 1852 868 1893 iustorum.
904 1849 959 1880 sed
991 1849 1131 1879 maiores
1161 1852 1236 1880 sunt
1261 1849 1500 1880 consolationes
1525 1849 1655 1880 Christi.
1701 1849 1882 1882 111Ps.3:÷.2o.

80 1915 144 1946 quo
170 1904 267 1935 debet
291 1904 385 1936 homo
410 1904 587 1935 saecularis
612 1904 764 1934 miseriae
783 1906 922 1933 eventuc
940 1901 1141 1933 contristari?
1168 1901 1221 1942 qui
1238 1901 1361 1932 fontem
1379 1902 1478 1932 totius
1496 1902 1739 1940 consolationis,

79 1955 112 1987 id
141 1960 192 1987 est
216 1955 391 1995 Christum⁷
420 1956 636 1987 habitatorem
667 1954 834 1996 possidetd
865 1954 898 1984 in
927 1957 1071 1995 pectore.
1118 1952 1220 1983 Immo
1252 1954 1355 1994 magis
1383 1953 1592 1993 gaudendum
1629 1957 1679 1984 est
1707 1954 1739 1983 in

82 2007 345 2039 tribulationibus
383 2012 516 2050 propter
550 2018 640 2049 spem
682 2010 836 2037 aeternae
875 2004 1100 2040 beatitudinis;
1137 2004 1266 2035 dicente
1305 2005 1469 2046 apostolo:
1512 2005 1587 2036 *Per
1623 2005 1739 2036 multas
1751 2013 1800 2032 Act.
1816 2014 1848 2032 14.
1863 2014 1894 2032 21.

82 2059 311 2090 tribulationes
336 2063 463 2101 oportet
487 2070 546 2090 nos
570 2060 688 2090 intrare
713 2059 744 2088 in
768 2068 904 2098 regnum
928 2056 1012 2095 Dei'.
1038 2057 1129 2088 item:
1161 2056 1334 2097 -Flagellat
1358 2056 1450 2088 Deus
1476 2068 1604 2088 omnem
1629 2057 1864 2095 1511i11n1‚}1<÷1›r.1:1v
1885 2066 1903 2083 e-

80 2122 177 2153 quem
202 2110 337 2153 recipit'.
383 2111 467 2142 Item
491 2111 531 2142 de
556 2110 713 2152 apostolis
738 2110 870 2150 legitur:
896 2108 1001 2140 *Ibant
1026 2112 1136 2138 autem
1160 2108 1343 2150 gaudentes
1369 2109 1507 2150 apostoli
1525 2120 1543 2139 a
1562 2112 1739 2150 conspectu
1750 2119 1798 2139 Aer.
1815 2122 1833 2141 5,

81 2164 220 2201 concilii.
245 2163 397 2205 quoniam
422 2163 509 2204 digni
534 2163 635 2193 habiti
660 2166 734 2193 sunt
757 2172 815 2203 pro
839 2161 970 2192 nomine
996 2161 1073 2192 Iesu
1098 2160 1326 2191 contumeliam
1349 2158 1438 2202 pati'.

188 2215 278 2246 Sciat
305 2215 434 2246 dilectio
464 2219 533 2248 tua.
568 2214 643 2255 quia
672 2214 757 2244 filius
786 2218 861 2244 tuus
892 2213 1064 2254 spiritalis⁷
1100 2212 1250 2243 dominus
1283 2211 1377 2243 Iesus
1406 2223 1469 2242 non
1506 2216 1554 2242 est
1584 2212 1739 2243 mortalis.

83 2266 183 2305 Vivit,
208 2268 287 2298 vivit
310 2270 342 2298 et
367 2268 396 2298 in
423 2266 561 2297 dextera
584 2265 647 2296 Dei
671 2265 772 2307 patris
797 2265 876 2295 vivit
900 2268 932 2295 et
955 2268 1082 2305 regnat.

185 2319 264 2351 Ideo
296 2319 336 2350 de
361 2318 498 2350 carnalis
532 2317 612 2348 filii³
637 2320 739 2347 morte
772 2327 835 2347 non
861 2316 1079 2354 contristeris,
1104 2316 1202 2346 11111110
1227 2315 1331 2355 magis
1355 2326 1415 2346 nec
1440 2315 1480 2346 de
1505 2315 1572 2345 5111Θ
1596 2315 1740 2356 corporis

82 2370 271 2406 abscessus;
296 2370 352 2402 scd
377 2370 491 2401 labora
516 2369 665 2400 omnibus
691 2368 777 2399 horis
807 2374 839 2399 et
857 2368 1039 2403 momentis.
1064 2372 1099 2398 ut
1117 2368 1224 2398 anima
1247 2367 1388 2398 feliciter
1404 2368 1490 2397 vivat
1509 2377 1580 2397 cum
1600 2365 1738 2396 Christo.

185 2520 210 2551 a)
228 2523 329 2544 vestrae
347 2527 414 2543 corr.
432 2526 520 2542 recens
538 2525 629 2541 manus
647 2517 675 2541 in
692 2521 777 2541 vestra
796 2516 859 2546 A1‚-
885 2520 971 2541 vestra
991 2516 1014 2540 A
1026 2515 1066 2540 1*.
1145 2515 1169 2546 b>
1189 2520 1304 2540 vestrum
1325 2515 1348 2538 Α
1365 2514 1401 2538 1*.
1483 2514 1505 2538 ⁰5.
1525 2522 1583 2538 cum
1603 2514 1635 2537 sit
1653 2521 1740 2544 super-

82 2563 183 2595 scripsit
201 2571 294 2587 manus
314 2570 399 2586 recens
419 2561 445 2584 in
465 2561 488 2584 A
500 2564 526 2586 1:
544 2569 602 2584 cum
622 2561 655 2584 sit
674 2560 698 2584 A
711 2559 750 2584 1*.
831 2558 856 2591 d)
877 2563 901 2584 et
921 2559 982 2583 add.
1003 2559 1026 2583 A
1038 2558 1078 2583 1*.
1153 2558 1187 2589 ·e)
1206 2567 1292 2583 onmes
1313 2567 1377 2582 corr.
1398 2566 1484 2581 recens
1504 2565 1594 2580 manus
1613 2556 1639 2580 in
1659 2557 1740 2580 omnis

83 2606 107 2630 A
118 2609 144 2635 1,·
166 2607 248 2631 omnis
267 2605 290 2629 A
303 2605 343 2630 1²¹,

187 2649 244 2674 105.
281 2650 304 2679 εἰ)
325 2650 397 2679 Quae
415 2648 442 2672 S.
526 2646 550 2677 b>
570 2648 689 2672 affectum
710 2646 737 2671 S.
822 2646 843 2675 ο)
862 2650 953 2670 evento
974 2645 1001 2669 S.
1085 2643 1109 2675 d)
1129 2644 1243 2676 possedet
1264 2645 1291 2667 ,δ’-
1372 2644 1395 2673 (“)
1414 2642 1451 2666 tui
1473 2642 1499 2666 S.
1580 2641 1599 2673 f)
1619 2643 1740 2667 abscessu

82 2692 183 2725 scripsit
201 2691 226 2716 J.
244 2700 293 2724 pro
311 2692 373 2716 abso
393 2691 420 2715 S.

189 2761 212 2790 l)
228 2759 270 2785 De
287 2767 340 2791 qua
359 2767 381 2783 r.
400 2765 436 2790 ep.
453 2761 481 2783 79
499 2765 582 2789 snpra
598 2765 626 2790 p.
641 2760 688 2782 120
707 2764 731 2781 n.
747 2761 766 2782 1.
876 2756 904 2789 2)
919 2755 1051 2781 Christus.
1158 2755 1185 2783 3)
1200 2753 1349 2779 Aetlzilreclz'
1364 2753 1429 2786 reglis
1442 2752 1741 2778 Northanhamzbrorum

85 2802 127 2831 die
146 2805 183 2829 18.
198 2802 266 2836 Apr.
288 2805 334 2828 796
352 2801 437 2828 occisi.
