2089 3171
644 161 792 188 ALCVINI
812 159 1023 186 EPISTOLAE.
1059 161 1118 187 278.
1138 161 1196 187 279.
1688 159 1749 188 435

102 252 282 283 senioribus
301 250 492 292 inpendant:
517 250 586 280 sitis
611 249 694 279 enim
720 249 801 278 sicut
826 259 922 278 unum
950 258 1077 289 corpus.
1103 249 1184 279 altcr
1207 248 1340 278 alterius
1358 245 1512 276 membra.
1537 248 1572 275 ut
1596 245 1627 275 iu
1646 245 1748 275 omni·
1784 243 1884 272 —804

102 305 161 335 hus
186 304 413 335 honorificetur
432 302 521 333 Deus
547 306 579 332 et
603 311 713 332 omnes
740 300 965 331 aedificentur.
992 305 1023 330 ct
1048 311 1161 331 omnes
1187 299 1225 330 ad
1251 299 1386 340 gloriam
1406 301 1583 340 perpetuae
1608 297 1748 328 beatitu-
1761 286 1920 335 5‘ss'gfss,²4‚¹³1''1‚

103 357 185 387 dinis
210 356 381 398 pervenire
405 358 600 385 mereantur.

207 408 328 449 Scripsi
354 406 445 438 vobis
469 406 528 437 has
545 416 666 447 paucas
685 404 844 435 litterulas
869 415 910 435 ex
935 404 1079 434 caritatis
1102 404 1200 434 fonte.
1227 413 1290 433 non
1315 403 1406 444 quasi
1433 401 1668 442 ignorantibus,
1694 398 1750 429 sed

65 474 75 491 5
106 460 198 502 quasi
223 460 304 491 haec
329 460 436 490 omnia
461 458 576 489 melius
602 456 779 488 scientibus
796 458 815 490 ¹.
841 459 873 486 et
897 456 928 486 in
945 455 1016 486 Deo
1042 455 1230 496 diligentius
1255 453 1513 496 perficientibus:
1540 457 1571 483 et
1595 456 1629 482 ut
1647 461 1751 482 meam

53 734 76 751 10

54 992 76 1010 1⁵

54 1250 79 1268 20

56 1968 81 1986 ³0

58 2223 82 2243 35

61 2779 85 2798 ⁴5

103 514 187 543 circa
211 516 352 543 vestram
379 511 531 541 salutem.
565 510 661 540 immo
686 512 717 538 et
743 508 884 538 omnium
911 518 1078 538 servorum
1104 507 1166 537 Dei
1191 506 1396 547 cognoscatis
1422 506 1637 536 voluntatem:
1663 506 1695 534 et
1719 506 1753 532 ut

102 564 355 595 familiaritatem
381 563 507 593 animae
532 572 625 592 meae
652 560 761 591 sciatis
785 559 870 601 apud
895 570 959 590 vos.
1003 559 1123 589 Vestra
1148 569 1223 589 vero
1248 557 1375 588 bonitas
1402 562 1433 588 et
1458 557 1601 588 fraterna
1626 555 1753 586 humili-

103 621 170 647 tate
199 615 286 657 legat
318 618 349 645 et
379 614 473 645 solita
503 614 626 655 pietate
659 612 795 653 recipiat
826 622 908 653 quae
934 611 1022 641 vobis
1055 611 1197 641 scribere
1229 610 1348 640 curavi.
1408 609 1497 639 Deus
1527 619 1617 641 vero.
1654 607 1754 637 totius

104 667 334 699 consolationis
358 670 458 707 pater,
484 676 540 696 vos
557 665 677 706 ubique
703 664 862 695 consolari
887 663 1038 704 dignetur
1066 666 1098 693 et
1122 662 1160 693 ad
1186 666 1359 693 aeternae³
1383 660 1594 692 beatitudinis
1619 669 1754 700 regnum

106 720 274 763 pervenire
293 718 459 750 concedat.
485 718 574 748 cuius
600 718 670 748 laus
689 717 730 747 sit
748 727 877 758 semper
894 716 926 746 in
944 726 999 746 ore
1017 719 1048 746 et
1065 715 1096 745 in
1115 714 1211 745 corde
1237 713 1379 744 caritatis
1406 716 1550 745 vestrae:
1576 712 1651 753 quia
1676 711 1755 741 haec

102 776 151 804 est
176 776 360 803 sanctorum
386 771 461 802 vita.
487 770 557 800 laus
584 769 736 800 bonitatis
755 768 873 799 Christi
893 772 925 798 et
943 769 1059 798 caritas
1085 768 1115 798 in
1141 767 1326 808 praesentia
1351 766 1447 798 illius,
1474 775 1555 806 quae
1581 774 1753 804 numquam
1768 776 1918 797 1,‹u‚s.13‚a.

103 824 254 859 exeiditb.
284 833 457 864 numquam
481 822 668 864 praeterite.
699 831 872 862 numquam
904 820 1043 851 fastidit:
1078 824 1109 850 et
1134 819 1328 860 quicumque
1353 817 1483 858 saepius
1508 817 1539 846 in
1564 816 1614 846 his
1639 816 1669 846 in
1695 815 1755 846 hac

103 877 231 908 mortali
257 876 322 906 vita
345 878 507 906 versatur.
532 874 684 904 maiorem
711 878 895 904 sanctorum
921 873 1109 914 angelorum
1135 870 1377 902 similitudinem
1404 869 1520 901 habet:
1545 868 1653 909 angeli
1680 878 1755 898 vcro

104 928 166 958 Dci
191 937 320 968 semper
345 927 374 956 in
401 925 517 966 vigiliis
544 925 650 955 Deum
677 925 825 956 laudant:
851 929 883 955 et
908 925 961 965 qui
987 924 1120 964 vigilare
1147 922 1256 953 studet
1279 921 1318 952 ad
1344 921 1456 952 laudes
1480 920 1550 953 Dei.
1576 920 1755 961 angelicam

105 980 202 1010 vitam
228 979 295 1019 agit
319 979 350 1008 in
375 978 482 1011 terris:
511 981 543 1008 et
567 977 651 1018 quod
675 988 787 1008 omnes
813 977 914 1007 sancti
940 977 1042 1007 acturi
1069 980 1142 1006 sunt
1166 976 1197 1005 in
1223 975 1333 1005 caelis.
1359 973 1559 1014 temporibus
1578 971 1756 1003 secundum

103 1032 277 1062 humanam
302 1030 510 1071 fragilitatem
536 1029 666 1059 statutis
692 1030 759 1069 agit
784 1029 814 1059 in
841 1029 946 1059 terris.
994 1027 1066 1058 Non
1093 1038 1240 1064 somnus,
1264 1037 1328 1056 non
1354 1025 1522 1056 saeculare
1548 1023 1757 1057 desiderium.

104 1094 164 1115 nec
188 1090 271 1114 vana
296 1082 450 1123 cogitatio
476 1080 620 1122 inpediat
651 1091 777 1111 cursum
810 1081 977 1121 religionis
1002 1083 1145 1117 vestrae.
1175 1083 1207 1110 et
1231 1077 1344 1109 laudes
1374 1077 1514 1108 divinas.
1548 1080 1582 1106 ut
1611 1076 1758 1116 angelice

105 1135 307 1166 visitationes
326 1134 493 1164 inveniant
516 1132 798 1174 unumquemquc‘¹
817 1137 959 1163 vestrum
985 1132 1016 1162 in
1041 1132 1111 1162 loco
1137 1142 1195 1162 suo
1214 1134 1353 1161 stantem
1371 1129 1543 1170 Deumque
1560 1127 1758 1158 laudantem.

103 1187 206 1228 Igitur
226 1187 278 1228 qui
304 1187 336 1216 in
361 1186 419 1216 hac
443 1185 638 1216 mortalitate
658 1184 762 1215 Deum
782 1184 915 1215 laudare
935 1184 1076 1217 student.
1101 1184 1132 1214 in
1149 1183 1305 1214 felicitate
1324 1186 1482 1223 perpetua
1500 1191 1570 1211 cuin
1590 1180 1760 1222 psalmista

107 1242 238 1270 cantare
256 1238 392 1269 habent:
418 1237 534 1270 ‘Beath
559 1237 611 1278 qui
639 1236 787 1267 habitant
811 1237 841 1267 in
866 1236 961 1267 domo
986 1240 1050 1268 tua.
1076 1235 1227 1271 Domine.
1251 1235 1282 1265 in
1308 1234 1474 1265 saeculum
1500 1232 1621 1263 saeculi
1646 1231 1757 1262 lauda·
1772 1240 1877 1260 1‘<.83.f·.

105 1291 184 1322 bunt
207 1289 261 1322 te'.

209 1342 362 1374 Sanctam
394 1352 469 1372 vero
501 1341 747 1372 unanimitatem
775 1344 930 1370 vestram.
964 1340 1122 1370 carissimi
1155 1339 1286 1373 fratres.
1321 1338 1470 1368 dominus
1495 1337 1586 1367 Deus
1619 1336 1649 1366 in
1674 1337 1759 1366 omni

105 1395 263 1437 proficere
288 1394 386 1425 faciat
410 1393 506 1424 bono.
533 1396 565 1424 et
589 1392 628 1423 ad
653 1396 805 1423 aeternae
829 1391 1040 1423 beatitudinis
1067 1391 1254 1423 felicitatem
1273 1391 1444 1432 pervenire
1465 1389 1632 1420 concedat.
1660 1388 1759 1418 dilec-

107 1447 223 1477 tissimi
248 1446 375 1477 fratres.

902 1601 972 1630 279.

210 1662 365 1694 Alcvinus
387 1661 570 1692 mulieribus
598 1661 719 1692 (Diabas
742 1661 775 1691 m
794 1661 957 1700 prosperis
981 1663 1007 1690 el
1032 1660 1173 1690 adversis
1196 1659 1471 1698 acqumzimitalem
1499 1668 1622 1688 servare
1651 1657 1761 1687 suadet

104 1715 246 1754 exemplo
268 1716 454 1751 sanctorum,
478 1724 609 1753 quorum
632 1713 713 1743 vitas
736 1715 764 1743 et
786 1713 943 1743 miracula
967 1722 1019 1743 eas
1043 1713 1140 1752 deffere
1163 1712 1237 1743 vult.
1559 1710 1673 1740 -804,

213 1773 274 1800 God.
289 1773 322 1800 H
336 1774 357 1806 f.
371 1777 485 1800 93—94¹.

211 1817 282 1844 Edd.
298 1817 327 1843 F
338 1821 396 1850 190,
418 1817 506 1844 J300.
527 1832 557 1835 —
580 1817 672 1849 Miqne
691 1817 736 1842 col.
750 1820 806 1843 379.

210 1898 244 1922 IN
263 1897 410 1922 CHRISTO
429 1897 618 1922 CARISSIMIS
638 1897 798 1920 PERSONJS
818 1896 938 1920 SORORI
959 1896 1001 1920 ET
1022 1895 1155 1920 FILIAE²
1174 1895 1296 1919 PIETAS
1315 1895 1474 1919 PATERNA
1495 1893 1664 1918 SALUTEM.

213 1948 344 1980 Gratias
370 1948 495 1990 agimus
525 1947 652 1978 divinae
683 1947 875 1978 clementiae
901 1947 940 1978 de
967 1951 1076 1977 vestra
1104 1947 1320 1989 prosperitate
1347 1950 1378 1977 et
1408 1946 1512 1976 salute
1539 1948 1570 1976 et
1595 1944 1634 1975 de
1661 1943 1762 1974 omni-

108 2002 168 2032 bus
193 2001 305 2039 bonis⁷
334 2011 417 2042 quae
447 2000 532 2030 illius
566 1999 740 2030 ineffabilis
773 1999 994 2030 misericordia
1018 1999 1108 2029 vobis
1135 1998 1339 2029 condonavit.
1386 1998 1494 2028 Etiam
1519 2001 1551 2028 et
1576 1996 1661 2026 illius
1687 2005 1762 2025 con-

108 2054 197 2084 tinua
214 2053 382 2084 voluntate
408 2052 576 2083 laudamus
600 2052 765 2093 pietatem.
791 2051 843 2092 qui
870 2051 963 2081 nobis
988 2051 1064 2081 licet
1088 2050 1228 2091 indignis
1253 2054 1317 2081 tam
1343 2050 1438 2080 fidele
1464 2048 1618 2080 solacium
1644 2050 1676 2077 et
1700 2050 1764 2076 tam

109 2105 235 2136 dulcem
261 2105 427 2136 caritatem
456 2105 487 2134 in
513 2108 621 2134 vestra
650 2102 822 2134 dilectione
851 2103 998 2134 contulit.
1050 2102 1145 2133 Unde
1172 2107 1204 2133 et
1235 2102 1455 2133 necessarium
1482 2104 1531 2131 est
1556 2098 1705 2130 omnibus
1731 2097 1761 2128 in

111 2156 240 2188 Christo
270 2157 322 2198 pie
352 2156 536 2187 viventibus
572 2155 659 2186 illius
697 2156 993 2197 supereminentem
1026 2154 1162 2185 laudare
1195 2155 1345 2196 gratiam.
1382 2164 1445 2194 qua
1480 2153 1620 2183 humano
1653 2150 1763 2191 generi

112 2209 265 2240 misertus
291 2212 356 2243 est;
387 2212 419 2238 et
444 2207 594 2249 quicquid
619 2208 695 2238 boni
719 2208 897 2248 egerimus,
930 2207 969 2237 ad
996 2207 1081 2237 illius
1107 2217 1237 2248 semper
1262 2207 1382 2237 referre
1408 2204 1660 2245 benignitatem,
1694 2202 1763 2232 sine

110 2271 182 2303 quo,
206 2261 277 2302 ipsa
300 2261 438 2291 veritate
462 2263 648 2297 attestante,
673 2259 751 2289 nihil
775 2258 904 2289 efficere
929 2258 1086 2291 valemus.
1776 2267 1895 2292 Iob-15,5.

215 2312 253 2344 In
285 2322 348 2354 qua
379 2312 524 2343 bonitate
554 2315 662 2342 vestra
697 2321 825 2352 semper
854 2310 1050 2341 unanimitas
1083 2310 1168 2341 laeta
1202 2312 1384 2341 remaneat:
1424 2318 1483 2338 nec
1515 2305 1766 2337 adversitatibus

111 2365 231 2396 saeculi
256 2365 307 2396 vel
330 2363 576 2407 infidelitatibus
605 2362 715 2393 mundi
745 2366 925 2393 amatorum
956 2362 1061 2403 frangi
1092 2361 1204 2392 debet:
1238 2372 1298 2391 nec
1327 2360 1491 2391 tristitiam
1522 2358 1658 2396 habere,
1688 2357 1767 2387 licet

110 2417 203 2448 nobis
235 2417 337 2448 multa
373 2416 523 2447 eveniant
556 2415 702 2446 adversa.
751 2414 803 2445 Sic
834 2419 883 2444 est
914 2414 1008 2444 huius
1039 2414 1223 2455 praesentis
1249 2414 1333 2443 vitae
1359 2413 1515 2444 varietas.
1545 2414 1579 2440 ut
1610 2419 1767 2451 prospera

113 2478 242 2510 semper
256 2469 457 2499 misceantur
475 2467 640 2499 adversis:
665 2467 748 2497 sicut
771 2466 841 2497 dies
866 2470 959 2497 nocte
978 2466 1203 2497 immutatur³z
1230 2466 1311 2496 sicut
1337 2464 1458 2495 sanitas
1484 2462 1627 2503 corporis
1646 2460 1765 2491 morbis

113 2520 419 2563 supervenientibus
438 2520 591 2550 afficitur:
617 2520 699 2549 sicut
717 2519 773 2549 flos
792 2519 968 2549 iuventutis
987 2522 1154 2561 senectute
1177 2517 1430 2559 superveniente
1448 2513 1658 2545 marcescit4:
1685 2513 1766 2542 sicut

115 2573 248 2604 aestatis
278 2573 493 2614 tranquillitas
526 2571 747 2602 hibernalibus
778 2571 928 2601 atteritur
959 2569 1219 2612 tempestatibus,
1268 2570 1311 2599 At
1337 2568 1415 2598 nihil
1442 2568 1555 2597 horum
1582 2565 1765 2605 religiosam

215 2669 238 2699 ²)
257 2672 386 2693 aeternam
406 2667 440 2691 H.
512 2666 536 2693 b)
555 2667 654 2691 excedit
673 2666 708 2691 H.
779 2667 801 2692 “l
822 2667 949 2700 praeteriit
969 2667 1002 2691 Η,
1074 2665 1098 2691 dl
1120 2675 1199 2690 unum
1219 2673 1347 2697 quamque
1368 2662 1403 2687 H.

218 2729 244 2760 1)
265 2726 306 2759 Cf.
323 2735 407 2761 supra
430 2736 458 2759 p.
476 2731 515 2752 111
534 2727 549 2751 Ι.
564 2730 609 2752 33ῑ
630 2727 705 2751 1171.
723 2730 762 2753 1ἱ·;
782 2730 829 2752 232
847 2727 863 2751 Ι.
877 2730 914 2752 im.
987 2728 1012 2756 2)
1038 2725 1206 2750 (imao-«dae
1226 2727 1246 2748 c!
1271 2722 1466 2748 Theodrmiae?
1498 2722 1538 2753 (Vs.
1558 2720 1642 2746 Siclsel
1656 2720 1766 2745 Alcum-

112 2771 182 2797 stud.
197 2779 225 2804 p.
238 2774 296 2797 498.
367 2771 393 2803 3)
415 2770 456 2802 Cf.
470 2778 551 2803 supra
568 2778 597 2802 p.
613 2774 660 2795 152
678 2773 747 2800 01.-3,·
767 2774 813 2795 314
834 2779 858 2794 η.
872 2774 894 2795 3.
958 2771 983 2795 4)
1003 2769 1044 2800 (γ’.
1059 2769 1116 2794 Alc.
1136 2768 1167 2793 de
1180 2768 1255 2793 clade
1272 2766 1445 2798 Lindisfarn.
1460 2768 1570 2791 monast.
1588 2773 1606 2789 r.
1624 2768 1664 2789 111
1684 2763 1766 2791 (Puer.

115 2814 200 2841 Carol.
214 2814 235 2846 Ι,
255 2816 328 2842 232“);
350 2813 489 2839 marcescit
512 2815 568 2839 tota
593 2814 730 2839 iuventus.

1512 2861 1539 2875 Γι·

1512 2861 1560 2885 .1.)*
