2089 3171
75 998 101 1017 10

76 1305 99 1323 1⁵

76 1569 102 1588 20

79 1829 103 1849 25

80 2096 106 2116 ³0

699 161 847 188 ALCVINI
867 161 1076 188 EPISTOLAE.
1113 162 1154 188 39.
1172 162 1214 188 40.
1738 161 1777 191 83

227 253 318 294 Lege
358 252 549 293 diligenter,
589 250 743 288 obsecro,
781 249 953 291 evangelia
991 249 1130 281 Christi:
1175 249 1275 280 libros
1315 258 1443 289 quoque
1482 247 1563 278 alios
1603 246 1777 277 canonicae
1803 247 1993 277 793—795?

123 305 354 337 auctoritatis².
402 303 465 334 Sed
489 308 522 334 et
554 302 747 344 pastoralem
780 301 868 332 beati
892 301 1043 342 Gregorii
1074 311 1178 343 papae
1215 300 1404 341 saepissime
1434 303 1639 341 perscrutare
1652 299 1672 329 ¹.
1718 298 1779 329 His

126 357 250 399 aepulis
274 357 414 387 animam
438 358 526 386 tuam
550 364 660 396 pasce.
685 356 719 384 ut
742 352 877 392 habeas,
902 353 988 384 unde
1013 353 1093 383 alios
1118 352 1266 394 quoqueb
1292 352 1424 383 reficere
1450 351 1570 382 valeas.

229 408 294 439 Mei
320 417 458 450 quoque,
484 406 632 444 obsecro,
658 408 710 435 utc
736 405 924 436 memoriam
949 405 1072 436 habeas
1097 405 1179 435 inter
1202 405 1373 435 missarum
1399 402 1590 434 sollemniad
1615 405 1647 433 et
1672 413 1779 433 sacras

125 461 288 492 orationes
313 464 395 497 tuas,
420 462 456 490 ut
479 459 588 490 divina
613 458 787 489 elementia
811 458 940 489 veniam
963 457 1041 488 mihi
1059 460 1266 499 peccatorum
1293 460 1325 487 et
1342 466 1492 486 coronam
1510 454 1568 485 tibi
1590 454 1779 485 meritorum

124 516 291 556 praestare
316 511 477 553 dignetur.

925 770 976 800 40.

228 832 383 864 Alcv-inus
424 831 597 870 episcopum
635 829 789 869 quendam
826 829 961 860 amicum
994 828 1037 859 ad
1067 828 1215 867 pietatem
1249 827 1448 867 reliquasque
1482 827 1612 857 1·ἰ·)ΐῑιΐεε
1640 825 1785 856 hortatur

125 894 292 924 curamque
315 883 442 914 divinae
465 881 571 914 {modis
596 882 628 912 ιή
652 881 785 912 eeclesiis
807 881 836 911 ei
860 881 1029 911 commissis
1053 879 1253 912 commendat.
1503 878 1674 909 793-799
1661 877 1699 908 ,9

231 943 312 970 Codd.
334 943 358 969 T
373 943 422 976 fol.
438 946 467 968 72
485 942 541 975 (T*
560 941 607 974 fol.
621 944 671 974 66),
691 941 743 966 Κ]
760 941 807 973 fol.
822 944 937 973 <zo—50¹,
960 941 991 966 K
1000 944 1016 966 2
1031 944 1237 974 12147—1492.

230 986 301 1014 Εᾱᾱ.
325 986 394 1019 031,
414 985 436 1020 Q
451 989 493 1019 53,
513 985 608 1016 F137‚
628 985 652 1012 J
662 988 719 1011 294.
740 999 771 1002 —
793 984 885 1017 Miqne
905 984 952 1010 col.
972 987 1027 1010 452.

229 1083 309 1115 Pars
345 1092 433 1121 mea,
465 1081 547 1112 dixit
569 1080 728 1112 Dominus
757 1080 885 1111 animae
919 1091 1011 1112 meae
1024 1079 1047 1111 ².
1094 1079 1174 1111 Pars
1199 1090 1287 1117 mea,
1318 1078 1402 1110 dixit
1425 1082 1517 1121 pater
1540 1078 1605 1109 filio
1631 1088 1704 1114 suo,
1734 1077 1948 1111 cuiThxen.3,24.

125 1137 167 1168 sit
194 1146 269 1178 pars
303 1145 375 1166 cum
400 1133 521 1165 sanctis
553 1133 586 1164 in
609 1136 790 1164 aeternum.
836 1132 928 1163 Tuae
952 1131 1164 1164 beatitudinis
1195 1131 1349 1173 perlectis
1378 1131 1494 1161 litteris
1525 1130 1709 1172 gaudebam
1746 1129 1785 1160 de

125 1192 201 1220 tuae
224 1186 449 1230 prosperitatis
479 1185 600 1224 salute,
633 1185 725 1216 cuius
755 1195 929 1226 praesens,
966 1188 1122 1226 quantum
1146 1183 1251 1221 valui,
1286 1183 1393 1214 fautor
1425 1182 1486 1219 fui3
1521 1183 1617 1213 etiam
1647 1186 1678 1213 et
1702 1192 1786 1212 nunc

127 1240 244 1272 absens
267 1238 414 1281 cupidus.
460 1237 503 1268 Et
526 1237 663 1276 utinam,
686 1240 722 1268 ut
745 1237 862 1268 litteris
887 1237 1079 1278 promisisti,
1108 1246 1233 1267 memor
1257 1236 1301 1266 sis
1326 1235 1501 1276 antiquaeb
1525 1234 1731 1276 paternitatis
1755 1238 1787 1265 et

128 1291 309 1324 dulcedinis
333 1291 418 1321 inter
441 1299 500 1320 nos
525 1289 557 1320 in
582 1289 742 1328 Domino,
775 1289 829 1330 qui
856 1300 986 1331 semper
1010 1299 1067 1320 nos
1092 1289 1123 1319 in
1149 1298 1207 1319 sua
1231 1288 1409 1330 provehatc
1435 1287 1619 1325 voluntate,
1653 1290 1685 1317 et
1712 1296 1785 1328 pro-

125 1344 223 1376 ficere
252 1343 351 1374 faeiat
382 1342 416 1372 in
447 1342 514 1372 suis
546 1341 719 1372 mandatis.
767 1340 931 1372 Memores
964 1341 1080 1379 simus,
1117 1340 1202 1382 quod
1235 1350 1293 1371 nos
1326 1339 1390 1371 ded
1422 1343 1565 1370 stercore
1595 1339 1718 1377 erexit,
1753 1342 1950 1371 etPS.112‚·1.8.

126 1397 236 1440 posuit
259 1396 344 1426 inter
368 1395 534 1437 principes
559 1394 668 1436 populi
693 1394 756 1427 sui:
791 1404 854 1425 non
880 1394 1008 1434 nostris·
1024 1393 1167 1431 meritis,
1200 1392 1257 1424 sed
1293 1403 1351 1423 sua
1383 1391 1523 1433 gratuita
1547 1390 1785 1422 misericordia:

127 1450 178 1482 cui
214 1458 344 1490 semper
379 1447 500 1489 gratias
537 1451 693 1488 agamus0
731 1446 763 1477 in
799 1447 885 1477 omni
922 1447 988 1477 vita
1023 1449 1149 1483 nostra,
1188 1449 1223 1476 ut
1257 1444 1327 1483 ille,
1367 1444 1421 1485 qui
1459 1443 1632 1482 exaltavit,
1673 1441 1789 1473 etiams

128 1504 309 1534 conservet.

233 1552 354 1584 Omnes
378 1561 454 1582 vero
487 1550 661 1590 ecclesias,
694 1561 773 1592 quas
798 1550 868 1581 Deo
895 1549 1036 1581 donante
1066 1548 1105 1580 ad
1130 1547 1311 1590 regendum
1335 1547 1508 1589 accepisti,
1540 1546 1787 1588 diligentissime

127 1606 160 1637 in
188 1605 252 1636 Dei
282 1603 379 1636 laude
409 1613 543 1634 exorna.
601 1603 673 1634 Sint
707 1603 739 1633 in
775 1603 822 1633 eis
854 1603 1020 1633 canonicis
1057 1602 1146 1632 horis
1180 1601 1377 1643 psalmorum
1408 1600 1569 1638 melodia,
1606 1599 1788 1630 orationum

127 1657 295 1695 instantia,
330 1655 504 1687 missarum
529 1655 688 1687 solemnia
717 1658 748 1686 et
773 1655 1027 1685 intercessiones
1058 1665 1116 1696 pro
1144 1657 1176 1684 te
1212 1654 1342 1695 tuisque
1367 1653 1489 1684 amicis.
1539 1651 1610 1682 Sint
1633 1651 1708 1682 tibi.
1744 1650 1787 1680 fili

127 1711 185 1748 mi,
210 1713 338 1740 moresg
361 1718 434 1739 cum
458 1707 633 1739 honestate
657 1711 688 1738 et
713 1707 948 1748 temperantia.
974 1707 1241 1737 vestimentorum
1265 1705 1452 1736 moderatus
1478 1704 1594 1739 cultus,
1621 1701 1788 1734 conviviah

128 1761 206 1794 noni
230 1761 262 1792 in
285 1760 415 1792 luxoria
439 1763 471 1791 et
495 1760 672 1799 ebrietate,
703 1759 762 1790 sed
786 1759 818 1789 in
843 1759 1021 1790 sobrietate
1047 1762 1079 1798 et
1103 1758 1319 1799 congruentia
1343 1757 1547 1798 temporibus
1573 1759 1605 1786 et
1630 1755 1786 1797 personis.

131 1813 261 1855 Ubique
278 1812 341 1844 Dei
365 1811 536 1843 timoremk
560 1815 636 1843 ante
661 1811 772 1842 oculos
797 1810 929 1842 habeas.
966 1810 1143 1841 Humilitas
1168 1813 1199 1841 te
1218 1809 1352 1843 exaltet,
1377 1813 1410 1840 et
1427 1809 1546 1839 veritas
1565 1806 1787 1838 honorabilem

129 1866 244 1904 faciat,
275 1868 308 1896 et
336 1863 561 1896 misericordia
584 1863 770 1899 amabilem.
817 1863 866 1894 Sit
895 1866 950 1894 tua
983 1873 1097 1894 manus
1132 1862 1332 1904 pauperibus
1358 1862 1463 1903 larga,
1498 1860 1611 1891 amicis
1636 1859 1788 1900 benigna.

129 1918 211 1950 Esto
241 1916 347 1949 fidelis
375 1916 582 1958 dispensator
606 1916 715 1947 domui
740 1915 813 1947 Dei.
860 1915 940 1946 Esto
972 1915 1076 1946 forma
1107 1915 1221 1946 salutis
1247 1915 1395 1946 omnibus
1421 1918 1528 1945 tecum
1553 1911 2003 1946 habitantibus.cr.1.Thess.1‚7.

130 1970 174 2002 Et
197 1970 272 2012 quia
294 1969 386 2001 Deus
410 1968 458 2000 tel
480 1969 602 2000 honore
627 1968 772 2000 nobilem
798 1968 894 2005 fecit,
928 1972 998 1999 esto
1023 1978 1151 2009 quoque
1183 1970 1214 1998 et
1237 1966 1380 1997 moribus
1408 1965 1537 1997 nobilis.
1583 1964 1709 1995 Luceat
1734 1963 1790 1993 lux

131 2026 207 2054 tuae
231 2021 387 2053 bonitatis
412 2031 520 2052 coram
546 2019 704 2052 omnibus.
752 2019 963 2051 Glorificetur
986 2020 1018 2050 in
1042 2023 1074 2050 te
1099 2023 1192 2061 pater
1217 2019 1385 2053 caelestis,
1417 2018 1471 2059 qui
1496 2021 1528 2048 te
1553 2017 1584 2048 in
1609 2016 1670 2047 hac
1694 2025 1789 2057 prae-

134 2075 220 2108 senti
242 2075 310 2106 vita
334 2073 505 2113 custodiat,
531 2077 563 2104 et
587 2073 619 2104 in
643 2072 752 2104 futura
775 2073 844 2104 vita
868 2073 1002 2114 gloriam
1027 2071 1086 2103 tibi
1113 2082 1184 2103 cum
1210 2072 1331 2102 sanctis
1356 2069 1514 2102 concedat
1537 2073 1715 2100 aeternam.

426 2133 506 2165 Pars
530 2144 613 2173 mea,
638 2144 713 2175 pars
737 2133 863 2167 valeas:
893 2143 1023 2175 semper
1047 2133 1117 2163 sitm
1140 2143 1215 2174 pars
1240 2135 1296 2163 tua
1321 2131 1482 2162 Christus.

468 2185 549 2217 Esto
573 2196 698 2217 memor
720 2185 832 2227 patris,
856 2195 941 2227 pars,
966 2195 1091 2227 precor,
1117 2185 1203 2215 alma
1226 2184 1283 2216 tui.

240 2561 264 2593 Β)
283 2561 423 2587 actoritatis
443 2560 502 2585 ΚΞ.
578 2557 602 2590 b)
621 2568 669 2584 om.
689 2559 724 2584 K.
796 2560 818 2589 e)
839 2567 886 2584 om.
908 2559 931 2583 A
943 2559 983 2584 1²².
1055 2557 1080 2589 d)
1099 2558 1222 2583 solemnia
1241 2557 1303 2582 Ka

240 2604 282 2631 40.
310 2605 333 2635 ὃ)
347 2604 466 2629 Lemma.-
484 2605 561 2628 Item
580 2603 718 2628 eiusdem
738 2603 775 2628 ad
794 2603 951 2635 quendam
972 2602 1016 2627 T*.
1088 2601 1112 2633 b)
1127 2602 1225 2634 antiqui
1238 2601 1300 2626 Ka.
1371 2600 1393 2630 c)
1408 2604 1512 2632 preveat
1526 2598 1581 2622 K1.
1654 2596 1678 2628 d)
1693 2602 1717 2623 te
1730 2597 1792 2622 Ka.

86 2665 110 2685 ³⁵
139 2649 162 2682 ⁰)
181 2650 282 2682 agimus
300 2648 359 2672 K2.
446 2645 464 2677 f)
483 2651 508 2672 et
526 2646 588 2671 acld.
607 2645 665 2670 KI.
755 2647 779 2677 Β)
799 2647 845 2670 filii
863 2647 973 2672 minores
994 2645 1042 2670 K1
1056 2654 1108 2677 pro
1128 2645 1164 2670 fili
1184 2645 1218 2669 mi
1236 2652 1330 2673 mores3
1351 2643 1395 2667 filii
1416 2643 1521 2667 minoris
1541 2641 1598 2666 ΚΞ.
1690 2640 1714 2671 ¹¹)
1735 2649 1792 2666 con<

137 2693 221 2718 viviae
245 2692 279 2721 Τ;
297 2691 390 2716 oonvia
409 2690 468 2715 Ka.
540 2688 558 2720 i)
578 2698 631 2714 nun
652 2689 710 2713 K2.
781 2687 806 2720 k)
826 2690 916 2715 timore
935 2689 964 2714 K
974 2691 997 2714 2.
1068 2687 1087 2720 ¹)
1107 2689 1138 2713 de
1162 2688 1188 2712 T.
1260 2687 1291 2716 ω’)
1310 2695 1358 2711 om.
1381 2686 1409 2710 Κ
1418 2689 1438 2710 1.

242 2768 268 2802 1)
289 2767 374 2794 Hunc
392 2766 488 2792 librum
506 2766 615 2799 saepius
632 2765 804 2791 commendat.
842 2766 882 2798 Cf.
904 2765 980 2797 infra
999 2767 1279 2798 epp.113.1·24.209.
1380 2763 1406 2796 2)
1428 2762 1468 2794 Cf.
1489 2769 1595 2788 carmen
1614 2761 1699 2787 Alclzz
1701 2761 1740 2787 ini
1759 2761 1795 2787 ad

140 2811 292 2838 Paulinum
310 2810 404 2836 datum
425 2809 495 2843 XX,
513 2813 529 2835 2
547 2809 634 2842 (Poa
649 2808 738 2835 Carol.
753 2809 776 2841 I,
791 2810 865 2842 24o):
885 2808 951 2834 Pais
970 2809 1081 2835 animae
1100 2807 1206 2838 melior
1226 2809 1336 2832 nostrae
1355 2814 1419 2840 pars
1438 2805 1545 2839 inclyta
1564 2805 1648 2831 vitae.

1541 2854 1588 2880 11*
