2089 3171
509 183 654 209 CLAUDII
675 184 918 210 TAURINENsls
940 184 1099 211 Episcopi
1122 185 1328 211 EPISTOLAE.
1367 185 1390 210 7.
1710 187 1770 214 603

124 270 221 300 etiam
246 270 273 300 si
298 270 373 311 quid
399 271 446 301 eis
477 271 655 301 iniunctum
687 271 799 303 fuerit.
830 272 1072 312 pertimescunt.
1120 272 1213 307 Quod
1239 273 1269 303 in
1295 283 1345 303 me
1372 282 1585 313 recognosco,
1618 272 1771 314 pusillum
1806 271 1874 315 823>

124 322 248 352 liabens
282 322 526 363 intellegentiae
557 323 737 364 eloquium.
776 323 849 364 quia
879 333 938 353 nee
970 323 1147 354 saecularis
1178 324 1379 354 litteraturae
1410 323 1509 354 didici
1539 323 1679 354 studium
1712 312 1885 354 nee⁹‘³¹”“¹¹

126 373 298 414 aliquando
325 373 443 404 exinde
468 374 658 415 magistrum
684 374 793 405 habui.
847 373 1011 409 Quantum
1038 375 1122 405 enim
1148 374 1249 405 doctis
1275 385 1411 405 necesse
1437 379 1487 405 cst
1511 375 1616 416 loqui.
1648 378 1772 405 tantum

127 425 262 455 indoctis
294 425 371 456 utile
404 430 454 455 est
481 430 605 457 tacere.
638 427 712 468 quia
737 426 780 456 illi
806 426 845 456 de
869 427 976 468 parvis
1000 437 1117 467 magna
1147 426 1253 457 sciunt
1286 427 1462 463 disserere,
1495 437 1555 467 ego
1582 426 1621 457 dc
1646 427 1772 467 magnis

86 484 97 501 Ξ·
126 477 237 507 nescio
263 478 313 507 vel
338 487 440 518 parva
464 477 627 518 proferre:
656 481 687 508 ct
712 477 784 508 ideo
810 489 828 508 a
852 488 903 508 me
928 478 1120 509 formidatur
1145 478 1229 519 quod
1255 479 1295 509 ab
1321 479 1392 509 aliis
1418 478 1618 519 querendum
1645 483 1703 511 est.

73 743 96 761 10

73 1003 96 1020 15

72 1266 98 1283 20

67 1522 92 1540 25

66 1825 91 1843 ³0

65 2084 89 2103 35

229 528 321 564 Quod
353 539 430 560 vero
461 530 657 560 sententiam
688 529 943 570 uniuscuiusque
972 529 1112 560 doctoris
1143 531 1172 560 in
1208 530 1334 571 paginis
1365 530 1521 561 adnotare
1551 531 1710 571 praecipis
1742 531 1772 560 in

123 580 383 622 expositionibus
407 581 539 611 nostris:
565 581 725 612 neminem
752 581 810 611 hoc
835 580 952 611 fecisse
978 581 1053 622 legi.
1079 586 1217 622 excepto
1241 582 1467 612 beatissimum
1492 581 1617 612 Bedain
1638 582 1662 613 ¹:
1688 581 1773 622 quod

124 631 254 673 quidem
279 643 339 663 nec
364 632 418 662 ille
436 633 575 673 amplius
593 643 686 674 quain
715 634 745 663 in
770 632 897 663 duobus
915 632 1082 663 codicibus
1101 634 1189 663 fecit.
1214 634 1243 663 in
1270 634 1476 675 expositione
1495 633 1648 664 videlieet
1674 644 1771 664 evan<

125 683 315 723 gelistarum
342 683 443 714 Marci
469 689 499 714 et
524 684 642 715 Lucae.
690 684 784 720 Quod
810 694 870 725 ego
896 684 968 714 ideo
995 685 1087 714 omisi
1112 685 1230 715 facere.
1256 686 1330 726 quia
1357 685 1536 716 sententias
1562 685 1772 726 quorundam.

125 745 203 776 quas
228 735 458 766 adnotaveram
484 737 570 777 prius
595 736 654 767 sub
680 737 807 767 nomine
833 736 982 773 aliorunL
1009 736 1198 777 diligentius
1223 738 1429 778 perquirens.
1455 737 1590 768 aliorum
1616 748 1672 768 eas
1698 747 1771 767 esse

123 788 251 828 repperi
276 790 402 828 postea.

225 839 317 875 Quod
348 840 432 870 enim
463 840 583 881 optime
612 840 710 870 nosti.
743 840 825 870 sicut
858 840 1042 870 novissimis
1073 840 1186 871 diebus
1218 841 1350 871 verbum
1376 840 1436 871 Dci
1470 851 1512 871 cx
1536 840 1642 871 Maria
1672 851 1769 871 carne
1783 848 1938 871 1114111611.

122 892 274 922 vestitum
305 892 464 933 processit
493 892 523 922 111
555 891 724 923 mundum:
758 896 790 922 ct
822 891 907 922 aliud
940 891 1069 933 quidem
1101 897 1169 923 erat
1201 892 1286 933 quod
1317 892 1509 923 videbantur
1538 893 1568 923 in
1599 904 1652 926 eo.
1684 892 1769 923 aliud

121 943 206 985 quod
232 944 486 984 intellegebatur
509 963 549 966 —
575 944 679 975 carnis
705 954 844 985 namque
869 948 1020 985 aspectus
1046 944 1077 974 in
1103 955 1140 974 eo
1166 944 1299 985 patebat
1317 944 1475 975 omnibus
1502 945 1612 986 paucis
1638 955 1714 975 vero
1739 949 1771 974 et

126 995 241 1026 electis
259 995 396 1026 dabatur
413 995 590 1027 divinitatis
607 996 728 1036 agnitio
754 1014 803 1032 —,
829 996 874 1026 ita
899 1000 930 1026 et
955 1006 1026 1027 cum
1051 1006 1109 1037 per
1132 996 1307 1037 prophetas
1326 996 1376 1026 vel
1395 996 1618 1036 legislatorem
1637 997 1770 1027 verbum

120 1046 183 1078 Dei
218 1047 380 1089 profertur
409 1047 450 1078 ad
481 1047 642 1078 homines.
680 1057 742 1077 non
778 1048 902 1088 absque
936 1048 1197 1089 competentibus
1227 1048 1390 1089 profertur
1420 1048 1628 1078 indumentis.
1686 1048 1769 1078 Nam

120 1099 203 1130 sicut
226 1099 270 1130 ibi
295 1099 413 1131 carnis.
440 1099 485 1130 ita
510 1099 561 1129 1116
586 1099 713 1129 litterae
733 1099 893 1129 velamine
918 1100 1050 1140 tegitur.
1076 1104 1110 1130 ut
1133 1100 1240 1130 littera
1259 1099 1389 1141 quidem
1406 1100 1585 1141 aspiciatur
1603 1104 1767 1142 tamquam

120 1162 205 1189 caro,
230 1152 334 1182 latens
360 1162 435 1183 vero
461 1151 615 1193 spiritalis
641 1151 835 1181 intrinsecus
860 1161 976 1182 sensus
1000 1155 1163 1192 tamquam
1188 1151 1338 1182 divinitas
1360 1152 1551 1182 sentiatur-².
1593 1151 1673 1183 Tale
1692 1163 1769 1193 ergo

120 1207 170 1234 est
194 1203 280 1245 quod
304 1208 337 1235 et
362 1214 444 1234 nunc
469 1203 653 1234 invenimus
678 1203 794 1233 librum
813 1202 948 1234 Levitici
967 1204 1202 1245 perquirentes,
1228 1204 1259 1234 in
1285 1214 1347 1244 quo
1373 1203 1605 1234 sacrificiorum
1631 1204 1710 1234 ritus
1736 1210 1767 1234 et

125 1255 303 1286 hostiarum
328 1255 498 1287 diversitas
523 1266 560 1286 ac
586 1255 791 1286 sacerdotum
816 1255 996 1286 ministeria
1020 1255 1262 1286 describuntur:
1293 1255 1348 1286 sed
1378 1255 1458 1286 haec
1484 1255 1660 1286 secundum
1686 1256 1770 1286 litto-

120 1316 199 1343 ram,
224 1317 306 1348 quae
331 1311 495 1348 tamquam
523 1317 596 1338 caro
622 1307 711 1338 verbi
736 1306 799 1337 Dei
825 1310 875 1337 est
900 1312 931 1338 et
957 1307 1182 1337 indumentum
1207 1307 1383 1337 divinitatis
1409 1308 1489 1339 eius.
1513 1307 1602 1348 digni
1624 1308 1771 1339 fortassis

118 1358 170 1389 vel
193 1358 376 1401 adspiciant
400 1360 451 1390 vel
475 1359 607 1390 audiant
636 1358 769 1400 indigni.
818 1359 882 1390 Sed
906 1359 993 1390 beati
1019 1363 1092 1390 sunt
1116 1359 1160 1390 illi
1186 1360 1281 1393 oculi,
1307 1360 1359 1401 qui
1384 1359 1531 1390 velamen
1558 1360 1685 1391 litterae
1712 1361 1769 1391 ob-

121 1414 241 1441 tectum
258 1411 453 1442 intrinsecus
470 1411 613 1442 divinum
639 1411 787 1452 spiritum
812 1411 933 1442 vident.
959 1416 992 1442 et
1017 1411 1104 1442 beati
1129 1415 1215 1442 sunt.
1241 1411 1292 1452 qui
1319 1411 1358 1441 ad
1384 1411 1462 1442 haee
1488 1411 1651 1443 audienda
1677 1423 1769 1443 mun-

119 1462 178 1493 das
202 1472 297 1493 aures
322 1463 485 1494 interioris
511 1463 649 1494 hominis
674 1462 846 1494 defferunt.

224 1514 444 1556 Adgredimur
475 1516 575 1556 igitur
604 1515 662 1545 hoc
693 1525 774 1556 opus
808 1519 971 1546 annuente
1003 1516 1124 1557 pietate
1156 1515 1265 1546 divina
1297 1514 1566 1556 quadragesimae
1593 1516 1770 1558 tenip01·e.³³.

119 1566 178 1597 sub
207 1566 258 1597 die
291 1567 430 1608 septimo
462 1567 539 1597 Idus
570 1567 675 1598 Martii
712 1577 795 1597 anno
820 1567 1050 1598 incarnationis
1076 1566 1324 1597 DCCCXXIH.
1349 1567 1519 1598 salvatoris
1550 1566 1624 1598 lesu
1651 1566 1770 1598 Christi

117 1617 236 1649 domini
261 1618 363 1649 nostri
373 1623 395 1650 ³.

223 1713 315 1745 Haec
339 1714 414 1754 quia
439 1714 562 1745 iussisti
580 1714 734 1750 scribere.v
760 1725 823 1745 non
848 1725 905 1756 pro
930 1714 1112 1746 eruditione
1139 1718 1260 1752 nostra,
1286 1714 1342 1745 sed
1368 1725 1424 1756 pro
1450 1718 1558 1746 vestra
1583 1715 1769 1756 dignatione

120 1766 288 1806 presumsi.
328 1765 479 1796 Vestrum
498 1776 574 1796 vero
601 1770 650 1796 est
674 1765 850 1797 diiudicare
871 1767 976 1797 verius
1002 1771 1034 1797 et
1057 1766 1097 1797 ad
1122 1776 1230 1796 veram
1250 1767 1428 1799 caritatem.
1454 1777 1536 1808 quae
1555 1767 1770 1798 excellentior

120 1817 220 1847 virtus
245 1817 396 1848 omnibus
422 1817 595 1848 virtutibus
621 1822 684 1848 est.
719 1828 776 1848 nos
807 1828 982 1859 provocare
1015 1818 1185 1860 exemplis,
1233 1818 1284 1849 Ad
1310 1819 1392 1850 lianc
1417 1823 1526 1850 autem
1552 1830 1647 1861 quam
1674 1830 1769 1861 prae-

118 1867 189 1899 dico
219 1869 387 1900 caritatem
418 1870 490 1910 plus
524 1880 574 1900 mc
605 1870 722 1900 vestris
752 1870 953 1900 orationibus
988 1881 1082 1911 quam
1117 1871 1196 1901 meis
1228 1870 1349 1901 viribus
1382 1881 1477 1912 posse
1511 1870 1648 1901 confido.
1709 1870 1769 1902 En.

118 1920 288 1952 carissime
320 1921 436 1955 frater,
476 1922 558 1952 sicut
593 1922 697 1963 potui,
731 1921 883 1963 respondi
917 1921 1110 1963 quibusdam
1143 1922 1406 1963 inquisitionibus
1438 1923 1517 1952 tuis:
1555 1933 1609 1964 pro
1643 1932 1706 1963 qua
1737 1933 1769 1953 re

121 1972 240 2003 obnixe
258 1972 424 2014 deprecor,
450 1977 486 2004 ut
510 1974 536 2004 si
562 1973 637 2014 quid
663 1973 702 2004 de
728 1973 776 2004 his
801 1973 907 2007 rebus,
933 1973 1018 2004 unde
1044 1984 1094 2005 me
1119 1974 1314 2015 interrogasq
1340 1974 1364 2004 si
1390 1973 1466 2015 quid
1485 1974 1636 2004 invenisti
1653 1975 1769 2005 melius

120 2024 172 2056 vel
197 2024 351 2066 deinceps
376 2025 520 2056 invenire
539 2026 694 2066 potueriS,
719 2025 939 2066 gratissimum
965 2026 1169 2063 habebimus,
1197 2026 1222 2056 si
1248 2037 1306 2056 nos
1332 2026 1448 2056 feceris
1475 2037 1580 2058 nosse.
1606 2027 1682 2067 quia
1707 2037 1768 2067 ego

118 2076 221 2117 magis
246 2086 319 2107 amo
343 2076 471 2107 discere
495 2087 591 2117 quam
608 2077 724 2108 docere
736 2077 758 2107 4.
799 2076 881 2112 Quia
906 2077 994 2108 ‘illa5
1012 2077 1158 2108 veritatis
1177 2081 1208 2107 et
1227 2078 1406 2118 sapientiae
1424 2078 1617 2118 pulcritudo,
1642 2081 1766 2109 tantum

117 2127 202 2158 adsit
229 2138 444 2169 perseverans
469 2129 619 2159 voluntas
651 2128 779 2159 fruendi
804 2147 843 2151 —
869 2139 925 2170 pro
936 2130 948 2146 ¹*
973 2129 1064 2160 cuius
1093 2140 1202 2160 amore
1234 2129 1294 2160 hoc
1328 2130 1511 2171 peregimus
1536 2141 1617 2171 opus
1643 2149 1684 2152 —
1708 2141 1767 2161 1166

116 2179 322 2211 multitudine
340 2179 539 2211 audientium
559 2181 742 2222 constipata
767 2181 906 2212 secludit
931 2181 1100 2212 venientes
1118 2192 1177 2212 nec
1202 2182 1368 2223 peragitur
1385 2186 1542 2223 tempore,
1568 2193 1625 2212 1166
1651 2183 1767 2223 migrat

116 2231 211 2266 loeis,
236 2243 296 2263 1166
321 2235 415 2263 nocte
441 2232 660 2274 intercipitur⁴
687 2243 746 2264 nec
771 2233 885 2264 umbra
908 2233 1148 2264 intercluditur.
1184 2244 1241 2264 1166
1266 2234 1416 2265 sensibus
1442 2235 1582 2275 corporis
1608 2235 1766 2265 subiacet.

116 2283 166 2314 De
199 2287 266 2314 toto
296 2283 415 2314 mundo
445 2283 484 2314 ad
514 2294 548 2315 se
580 2285 761 2321 conversis„
796 2285 849 2325 qui
881 2285 1019 2326 diligunt
1048 2296 1134 2320 cani,
1171 2285 1319 2316 omnibus
1351 2286 1499 2327 proxima
1530 2290 1586 2316 est.
1621 2287 1768 2317 omnibus

117 2335 330 2377 sempiterna:
362 2335 450 2379 nullo
476 2336 544 2367 1060
569 2340 632 2366 est.
657 2347 815 2378 nusquam
840 2337 949 2368 deest:
972 2339 1049 2368 foris
1075 2337 1244 2371 admonet,
1279 2338 1364 2368 intus
1390 2337 1499 2370 docet,
1536 2342 1709 2370 cernentes
1734 2350 1768 2369 se

116 2390 295 2418 commutat
318 2398 430 2418 omnes
459 2388 491 2418 in
520 2388 653 2426 melius,
687 2399 706 2419 a
730 2389 818 2420 nullo
848 2390 879 2419 in
911 2389 1054 2420 deterius
1079 2393 1310 2420 commutatur:
1343 2389 1449 2420 nullus
1483 2390 1521 2420 de
1553 2390 1607 2421 illa
1637 2391 1769 2421 iudicat.

115 2439 223 2470 nullus
248 2439 317 2470 sinc
342 2439 398 2470 illa
422 2439 506 2470 benc
532 2438 674 2471 iudieat'.

1105 2531 1109 2539 1

219 2543 240 2568 7.
283 2544 438 2576 ³)›seq1tilur
461 2545 487 2568 in
511 2545 609 2570 codice.-
635 2546 779 2578 Explicit
805 2547 970 2578 praefatio
995 2547 1121 2571 Plaudit
1144 2547 1360 2570 Taurinousis
1388 2547 1547 2578 episcopi.
1576 2552 1597 2571 et
1617 2547 1768 2578 praemissio·

115 2586 233 2618 capitulis
259 2588 317 2611 libri
339 2588 429 2619 privii:
456 2589 486 2612 111
497 2589 573 2620 cipit
597 2589 679 2613 liber
706 2590 824 2621 primus
848 2590 1115 2614 informationum
1142 2590 1270 2613 litterae
1295 2594 1325 2613 et
1352 2590 1499 2621 spiritus.
1551 2590 1678 2614 Leviticus
1705 2591 1768 2614 liber

115 2630 259 2662 appellatus
273 2635 318 2658 est,
337 2640 366 2654 eo
381 2632 447 2662 quud
463 2632 596 2656 levitarum
612 2633 751 2657 ministeria
765 2638 789 2657 et
802 2634 963 2657 diversitates
977 2634 1138 2657 victimarum
1153 2633 1301 2664 exsequitur
1315 2638 1356 2656 sla-⁴
1414 2632 1437 2658 1))
1458 2642 1501 2664 pro
1536 2647 1546 2649 -
1562 2642 1626 2665 «rpus
1642 2642 1688 2657 0111.
1706 2634 1767 2664 1¹¹1ss-

219 2699 243 2730 1)
264 2697 304 2730 C's'.
317 2706 400 2731 supra
416 2706 444 2731 p.
455 2703 504 2724 5512
519 2699 535 2725 l.
551 2704 583 2724 m.
642 2700 667 2731 2)
688 2700 728 2732 Cf.
746 2701 885 2726 mement.
902 2701 930 2725 m
944 2709 982 2734 ep.
996 2700 1032 2726 ad
1047 2701 1107 2726 (r'ctl.
1121 2701 1199 2726 (Bihl.
1216 2700 1302 2733 Lnyd.
1320 2700 1366 2726 XI
1378 2700 1404 2733 V,
1422 2705 1491 2728 lo'lt:
1517 2701 1649 2726 historiae
1663 2704 1690 2726 et,
1704 2702 1768 2727 scri-

115 2744 213 2774 pturae
233 2750 348 2767 carneus
367 2741 525 2768 intellectus
545 2746 640 2769 eontra
665 2744 828 2775 allegoriam
853 2746 880 2770 et
906 2744 1060 2778 spiritalem
1086 2744 1239 2769 doctrinam
1268 2746 1413 2776 repugnat.
1486 2745 1512 2775 531»
1533 2744 1592 2769 inde
1611 2744 1643 2769 ab
1664 2749 1699 2770 1⁸.
1718 2744 1766 2770 Fv-

112 2784 203 2810 hrum:
223 2793 303 2818 nsque
321 2784 358 2810 ad
376 2790 399 2810 -1,
415 2786 527 2819 Aprilis.
616 2787 641 2819 4)
664 2786 702 2818 Cf.
720 2787 791 2819 infra
807 2796 835 2820 2).
849 2791 898 2813 σοι·
916 2788 931 2813 Ι.
946 2791 984 2819 3ΐ,
1006 2787 1050 2812 nbi
1070 2787 1156 2812 euclem
1179 2787 1262 2812 rerba.
1351 2788 1377 2812 51
1399 2788 1433 2812 At
1456 2787 1502 2812 illa
1523 2803 1553 2805 ν·
1577 2787 1678 2813 iudicat
1703 2788 1771 2813 lwiw

112 2835 144 2853 em
164 2828 278 2861 Aiigyicst.
292 2827 323 2853 (16
341 2828 384 2854 lib.
398 2829 450 2854 arb.
467 2829 482 2854 Ι.
499 2829 532 2854 J]
548 2838 569 2855 c.
586 2834 612 2855 14
632 2832 647 2861 ‚s
660 2834 694 2855 53⁸
713 2830 792 2862 (Opp.
808 2831 831 2863 J,
847 2836 917 2861 1502).

1515 2883 1559 2908 To*
