2089 3171
686 154 830 181 ALCVINI
854 155 1060 181 EPISTOLAE.
1097 158 1154 183 295.
1175 158 1232 183 299.
1707 160 1767 189 457

119 277 252 301 nonnxo
267 277 481 303 VENERANIML).
497 278 663 309 xossisoriz
677 279 812 302 sliffls'm
826 280 944 303 AMORE
960 281 1119 305 cumnxno
1136 282 1382 305 RAGANssrlR'ma
1397 282 1558 305 nrm-oro
1575 281 1768 305 anonvmus

790 323 915 346 LEVITA
936 323 1103 347 SALUTEM.

221 371 366 402 Memorb
392 371 557 403 condictae
582 373 744 403 amicitiae
769 374 851 404 inter
876 385 948 405 nos.
985 385 1066 415 quae
1092 375 1168 405 mihi
1201 375 1350 406 fiduciam
1375 379 1519 416 praestat
1544 375 1665 416 aliquid
1692 376 1770 406 scri-

118 423 214 454 bendi
245 423 285 454 ad
311 434 380 454 VOS.
414 424 497 464 quod
528 424 622 455 nobis
653 436 693 455 ex
725 429 861 466 utraque
890 431 981 467 parte
1011 427 1230 457 necessarium
1258 426 1394 458 videtur.
1443 427 1574 457 Dictum
1608 430 1657 457 est
1682 427 1769 457 mihi.

80 483 90 499 ⁵
119 474 203 516 quod
230 475 329 506 vestri
354 476 515 506 iuniores¹
541 477 682 518 aliquam
707 487 822 508 novam
847 478 1111 509 consuetudinem
1130 479 1295 509 misissent
1321 489 1416 520 super
1441 479 1598 510 ecclesias
1623 483 1655 509 et
1680 490 1770 520 pres-

70 746 93 763 10

71 1790 96 1809 ³0

70 2054 96 2074 3⁵

74 2566 99 2585 ⁴0

74 2814 99 2832 ⁴5

119 527 242 558 biteros
269 528 371 558 sancti
397 527 543 558 Martini:
575 529 672 559 immo
699 534 731 560 et
755 529 794 560 de
820 529 1059 572 vobismetipsis
1091 530 1252 561 dixerunt.
1300 530 1423 561 Tamen
1449 530 1488 561 de
1515 535 1623 561 vestra
1652 531 1770 561 sancti—

119 583 185 610 tate
219 579 278 610 hoc
312 590 374 610 non
404 579 590 611 credebam:
625 582 801 612 aestimans
828 592 883 612 vos
915 593 1057 613 canones
1088 583 1207 624 optime
1240 593 1384 613 servare.
1418 588 1449 612 et
1479 583 1620 613 maxime
1652 582 1771 613 domini

121 631 219 662 nostri
248 631 321 661 lesu
349 630 467 662 Christi
493 633 713 674 evangelicam
740 635 943 667 sententiam.
970 634 1023 664 ubi
1049 635 1107 664 ait;
1134 634 1253 665 ‘Gratis
1278 635 1460 675 accepistis.
1486 634 1584 674 gratis
1610 633 1705 665 date'.

226 682 347 714 Dicunt
372 684 494 714 enim²z
529 685 626 715 vestri
652 685 741 716 missi
766 685 978 716 mandassent
1002 686 1200 728 presbiteros
1226 689 1365 717 nostros:
1398 686 1437 716 de
1462 697 1544 727 pane
1569 686 1674 717 modio
1700 687 1715 717 I
1741 691 1772 717 et

121 735 288 766 dimidi00:
314 735 353 765 de
380 736 451 766 vino
475 736 583 767 modio
609 736 638 767 I:
665 737 703 768 de
729 748 856 768 annona
883 738 922 768 ad
948 738 1090 769 caballos
1116 738 1222 768 modia
1249 743 1417 779 quattuor:
1443 739 1547 769 casios
1565 738 1628 769 VI:
1654 749 1713 768 ova
1732 738 1772 770 C:

120 787 228 829 pisces
253 790 285 818 et
309 790 377 818 orto
393 787 404 805 ³
429 792 460 818 et
485 788 627 830 ligumen
652 789 692 820 ad
718 790 968 821 sufficientiamd
989 790 1049 821 ab*³
1067 800 1261 832 unoquoque
1286 790 1489 832 presbitero:
1517 796 1548 821 et
1573 791 1597 820 si
1626 791 1685 821 hoc
1712 802 1771 821 non

121 838 352 870 reddidissent.
379 850 420 870 ex
445 846 554 871 vestra
579 842 772 872 auctoritate
799 842 1005 872 interdictum
1032 842 1192 873 haberent
1221 843 1338 873 missas
1365 852 1428 872 non
1454 846 1585 873 cantare
1611 843 1641 873 in
1667 843 1772 873 eccle-

121 891 176 922 siis
193 892 328 922 nostris:
353 902 412 922 nec
431 892 527 923 etiam
547 893 628 923 alios
646 893 847 935 presbiteros
866 895 895 924 in
915 895 1063 925 ecclesiis
1082 895 1182 925 sancti
1201 894 1331 925 Martini
1351 899 1482 925 cantare
1501 895 1623 925 licitum
1642 895 1774 926 habere.

222 942 340 974 Mirum
376 943 452 974 mihi
483 944 624 976 videtur.
661 956 723 986 qua
754 947 947 976 auctoritate
979 947 1136 977 ecclesias
1171 946 1291 977 Christi
1324 947 1607 977 excommunicare
1633 948 1774 978 voluisti.

83 1009 92 1019 κ
122 994 156 1025 Si
186 995 356 1036 presbiteri
387 1002 620 1037 peccaverunt.
653 997 727 1038 quid
753 997 892 1028 ecclesia
917 998 1087 1038 peccavit?
1128 997 1236 1033 Quare
1262 1009 1325 1028 non
1343 1002 1524 1029 memorant
1549 999 1595 1028 tui
1620 999 1774 1030 iuniores.

121 1047 428 1093 quam-terribiliter
451 1047 566 1079 beatus
585 1048 702 1079 Petrus
726 1049 878 1090 princeps
896 1050 1116 1090 apostolorum
1136 1049 1321 1080 venditores
1347 1050 1470 1090 gratiae
1496 1050 1526 1080 in
1552 1051 1654 1092 primo
1681 1050 1775 1082 huius

1803 272 1970 302 Teo—804

1784 642 1850 662 Manlii

1872 645 1901 662 10.
1912 644 1930 661 ᾖ.

119 1098 247 1130 heresis
263 1100 648 1142 inventorespercellitss.
674 1101 799 1131 dicens:
826 1101 981 1132 Pecunia
1006 1106 1060 1132 tua
1085 1106 1191 1133 tecum
1217 1102 1257 1132 sit
1281 1103 1311 1133 in
1331 1101 1556 1143 perditioneb‘.
1596 1102 1774 1144 Deprecor.
1786 1112 1834 1130 Act.
1847 1112 1908 1130 1131).

121 1152 372 1184 clementissime
402 1157 510 1194 pater.
540 1154 571 1184 in
602 1164 639 1184 ea
672 1155 821 1185 caritate.
853 1165 913 1196 qua
938 1154 1029 1185 Deus
1059 1166 1117 1185 nos
1148 1155 1332 1186 coniunxit.
1365 1161 1395 1184 et
1426 1155 1456 1185 in
1486 1166 1523 1185 ca
1553 1154 1631 1185 fide.
1664 1161 1772 1196 quam¹

122 1203 339 1236 condiximus,
372 1215 411 1236 ne
437 1205 513 1247 quid
538 1206 610 1236 novi
643 1207 753 1237 mittas
784 1207 812 1236 in
845 1207 1003 1237 ccclesias
1035 1207 1138 1237 sancti
1163 1206 1294 1238 Martini
1320 1214 1351 1237 et
1378 1207 1406 1237 in
1434 1218 1484 1237 rcs
1509 1207 1606 1238 illius.
1654 1206 1774 1237 Potens

125 1260 174 1288 est
203 1262 333 1288 sanctus
359 1256 518 1288 Martinus
551 1257 635 1300 apud
661 1258 766 1289 Deum
799 1258 976 1289 defendere
1006 1269 1058 1290 res
1092 1269 1182 1296 suas⁷
1213 1259 1238 1289 si
1266 1269 1401 1290 necesse
1427 1264 1476 1289 est
1501 1259 1546 1289 illi
1572 1259 1712 1290 clamare
1737 1258 1776 1290 ad

120 1307 236 1340 Deum.

224 1360 370 1398 Dimitte.
396 1363 420 1393 si
439 1362 570 1404 placeat
594 1367 626 1394 et
651 1363 676 1394 si
701 1363 767 1394 fieri
787 1363 900 1404 possit.
927 1363 973 1394 sic
991 1374 1064 1394 esse
1084 1363 1232 1394 ecclesiis
1250 1362 1382 1394 Christi.
1409 1373 1491 1404 quae
1510 1366 1584 1393 sunt
1601 1364 1632 1393 in
1653 1363 1775 1394 emuni-

121 1415 188 1444 tate
213 1413 315 1444 sancti
334 1413 464 1445 Martini
489 1418 522 1446 et
545 1415 577 1445 in
603 1415 776 1456 parrochia
801 1419 918 1448 vestra.
944 1415 1047 1446 donec
1072 1416 1314 1457 conloquamur.
1355 1415 1516 1457 Quicquid
1542 1416 1625 1446 enim
1652 1416 1774 1446 iustum

123 1469 172 1496 cst
195 1470 283 1496 tuam
308 1463 453 1508 recipere
478 1467 519 1498 ab
545 1468 591 1498 eis
616 1467 859 1498 auctoritatem.
890 1478 952 1498 non
979 1478 1112 1499 rennuo.
1160 1467 1225 1499 Sed
1251 1468 1399 1500 omnino.
1430 1468 1456 1498 si
1482 1467 1540 1498 tibi
1566 1467 1777 1498 oboedientes

71 1531 87 1549 ·.›.
123 1528 187 1548 non
217 1521 326 1548 crunt.
363 1529 423 1560 ego
455 1524 560 1550 tecum
592 1520 776 1560 constringo
808 1530 872 1550 cos.
928 1519 977 1550 Ad
1010 1519 1122 1550 11111111Ις
1155 1521 1239 1551 enim
1272 1519 1419 1550 sinodum
1454 1520 1564 1550 venire
1596 1519 1717 1550 debent
1747 1522 1778 1550 et

121 1570 281 1600 rationem
311 1569 448 1601 reddere
482 1570 520 1601 dc
546 1571 659 1602 officiis
685 1571 896 1613 spiritalibus.
930 1576 962 1603 et
986 1577 1019 1602 tu
1045 1573 1144 1613 gratis
1170 1572 1246 1602 dare
1278 1572 1341 1602 illis
1373 1582 1455 1612 quae
1480 1571 1541 1602 Dei
1574 1576 1663 1602 sunt.
1695 1572 1778 1602 sicut

121 1626 196 1653 ante
220 1622 384 1664 praedixi:
411 1622 540 1654 domino
567 1623 642 1654 Iesu
667 1623 901 1654 demandante.
928 1628 961 1654 ut
986 1625 1086 1664 gratis
1113 1624 1275 1666 spiritalia
1300 1624 1383 1654 dona
1410 1624 1526 1654 dentur
1549 1623 1589 1654 ab
1617 1623 1777 1655 omnibus

121 1674 165 1706 Et
194 1675 347 1705 maiorem
379 1675 436 1706 tibi
467 1676 715 1717 prosperitatem
746 1680 891 1717 praestat
920 1676 1113 1707 intercessio
1145 1677 1248 1707 saneti
1282 1676 1413 1707 Martini
1446 1680 1477 1706 et
1508 1676 1611 1706 sancti
1642 1675 1777 1706 Aredii*

123 1737 218 1768 quam
249 1726 377 1758 illorum
408 1727 596 1758 consilium.
630 1728 682 1769 qui
717 1728 800 1759 hanc
832 1728 1003 1759 hortantur
1034 1728 1241 1760 exactionem
1272 1732 1303 1759 et
1334 1728 1456 1759 tributa
1489 1728 1623 1758 solvere.
1681 1727 1723 1758 Et
1752 1727 1777 1758 si

123 1779 196 1810 aliis
227 1779 334 1810 facere
363 1779 536 1816 voluisses.
573 1790 747 1822 numquam
779 1784 889 1811 tamen
920 1781 1039 1812 nostris
1070 1780 1152 1811 hanc
1186 1781 1415 1812 necessitatem
1450 1781 1605 1822 inponere
1636 1784 1667 1811 te
1693 1780 1777 1810 velle

122 1832 234 1873 putavi
252 1835 386 1874 propter
403 1832 576 1864 amicitiam
603 1832 687 1863 inter
710 1843 769 1863 nos
790 1832 980 1864 condictam.
1006 1832 1055 1863 vel
1073 1834 1185 1874 ,magis
1204 1833 1361 1864 honorem
1388 1834 1490 1863 sancti
1508 1832 1656 1863 Martini:
1682 1842 1776 1874 quem

122 1882 215 1914 Deus
249 1887 341 1915 tanta
370 1884 539 1915 honoravit
568 1885 779 1915 auctoritate.
816 1888 850 1915 ut
881 1885 1029 1915 omnibus
1062 1885 1219 1916 auxilium
1250 1885 1369 1915 sanctis
1396 1885 1462 1915 suis
1487 1884 1777 1915 intercessionibus

122 1939 290 1977 praestare
316 1936 444 1978 poterit.
764 1960 770 1963 >

226 1987 423 2020 Incolomem
449 1993 481 2020 et
504 1988 634 2020 felicem
658 1987 893 2019 beatitudinem
919 1992 1023 2020 tuam.
1051 1995 1202 2030 recteque
1227 1988 1470 2030 praedicantem
1497 1988 1606 2019 divina
1631 1989 1776 2019 clemen-

123 2041 167 2071 tia
192 2044 366 2082 protegere
390 2044 423 2072 et
447 2041 593 2072 exaltare
619 2040 778 2081 dignetur.
803 2040 932 2071 domine
957 2041 1171 2072 sanctissime.

915 2233 987 2263 299.

227 2293 382 2325 Alcm'nus
404 2293 509 2324 abbati
532 2293 654 2324 cuidam
675 2292 810 2333 fratrem
835 2303 921 2323 reum
944 2292 1142 2323 commendat.
1510 2292 1687 2321 796-804.

228 2353 311 2380 Codd.
327 2354 353 2380 A
366 2358 380 2380 1
393 2354 440 2386 sol.
454 2357 492 2387 63.
514 2356 539 2380 A
555 2355 581 2380 1*
598 2362 623 2386 p.
639 2358 671 2379 69
690 2361 731 2379 nr.
745 2357 801 2379 472¹.

229 2397 278 2423 ΗΖ.
292 2397 313 2424 ι]
323 2401 383 2424 228:

230 2521 253 2552 ³)
272 2522 429 2554 Ragerberto
444 2522 485 2549 H,·
504 2523 536 2553 cf.
546 2530 574 2552 μ.
589 2524 638 2545 456
651 2530 687 2552 pp.
705 2523 755 2545 293
769 2531 790 2545 n.
807 2531 830 2545 a,
897 2521 919 2547 ὓ)
939 2531 995 2546 sum
1009 2522 1130 2546 excidisse
1143 2522 1248 2545 ridetur.
1263 2521 1287 2544 J.
1354 2520 1374 2538 c]
1395 2520 1502 2544 dimedio
1517 2519 1550 2542 Hv
1618 2518 1642 2547 d)
1662 2520 1692 2542 ad
1706 2519 1775 2543 susti·

1119 2553 1124 2561 ι

125 2566 221 2590 cienter
235 2564 268 2589 Η.
340 2564 362 2595 Θ)
382 2565 413 2589 ad
428 2565 462 2588 Il.
534 2563 552 2594 f)
572 2565 697 2589 inventori
713 2564 747 2589 Il.
819 2566 843 2589 ἔτ’)
864 2565 984 2597 percellet
997 2565 1030 2589 H
1105 2564 1128 2595 ὴ)
1149 2565 1276 2597 peditionc
1291 2563 1325 2587 H
1399 2564 1416 2586 i>
1437 2571 1486 2593 qua
1502 2562 1535 2586 H
1608 2561 1631 2582 kq
1653 2568 1724 2585 tuum
1743 2561 1776 2585 H.

228 2607 287 2633 299.
324 2607 348 2640 ὃ)
369 2607 487 2632 Lemma.-
507 2608 651 2640 Epistola
671 2608 778 2632 Albini
799 2609 944 2639 magistri
966 2608 1020 2632 211.

231 2685 255 2717 1)
276 2684 361 2715 iidem,
381 2685 426 2717 qui
437 2687 497 2717 post
508 2685 590 2717 paulo
604 2685 685 2710 vestri
703 2684 776 2710 missi
792 2687 929 2710 vocamur.
1002 2687 1028 2714 ’.ἐμ
1052 2685 1091 2715 (fs.
1111 2683 1146 2709 ιιι]
1162 2684 1232 2709 hunc
1244 2684 1327 2709 locum
1347 2682 1442 2708 wak
1457 2682 1659 2714 Kirclwnfflesch.
1678 2682 1713 2711 ῙΙ,
1730 2686 1778 2707 21)ίὶ

127 2737 153 2755 11.
167 2732 188 2754 2.
278 2728 304 2759 3)
327 2728 402 2753 horto
429 2729 445 2754 i.
464 2738 484 2753 c.
507 2728 613 2753 leet-bam
641 2728 669 2752 in
692 2728 775 2753 hortis
801 2731 900 2753 nutam.
989 2729 1015 2760 4)
1042 2728 1197 2753 coenobium
1222 2728 1246 2751 S.
1268 2728 1291 2751 A
1301 2726 1374 2751 redi
1381 2726 1388 2749 i
1414 2727 1584 2750 Alcmuccnse
1607 2726 1643 2753 (S.
1667 2725 1776 2751 Yricir).

126 2771 202 2797 dioec.
217 2771 417 2798 Lcmoriceneis.
439 2772 597 2796 mommlerio
618 2772 644 2796 S.
660 2771 777 2797 Martini
798 2772 945 2797 'I'uronensi
964 2771 1096 2797 salamani
1118 2774 1181 2796 terat.
1219 2770 1243 2794 V.
1262 2770 1377 2801 Bmtthl
1402 2769 1507 2794 Her-nri!
1530 2769 1563 2794 ΙΙ.
1578 2772 1628 2793 3⁸2
1647 2772 1669 2793 c(
1685 2768 1775 2794 Gallia

128 2814 221 2840 Christ.
239 2814 347 2845 11‚547.
367 2815 395 2839 «Ι,

229 2866 371 2892 ΕΡιετοωε
391 2867 436 2892 IV.
1402 2862 1406 2867 ’
1537 2864 1570 2889 58
