2089 3171
637 183 786 210 ALCVINI
806 183 1011 210 EPISTOLAE.
1048 185 1108 211 261.
1126 185 1185 211 262.
1674 186 1735 216 419

91 274 269 315 torpuisset
290 272 394 303 inani.
419 275 451 302 et
475 272 586 302 vacuis
615 271 763 302 manibus
799 271 966 312 parvitatis
1001 281 1092 302 meae
1124 271 1241 301 missus
1277 275 1352 302 ante
1383 271 1496 302 faciem
1528 270 1737 302 beatitudinis
1774 273 1940 304 798—803

92 329 219 356 vestrae
250 325 393 355 venisset
423 342 462 345 —
493 323 625 354 tandem
655 322 776 364 Spiritu
810 328 922 353 sancto
955 323 1133 364 inspirante
1158 323 1281 354 inveni.
1307 323 1381 365 quid
1411 334 1483 354 meo
1508 324 1638 354 nomine
1664 333 1739 354 con-

93 380 218 418 peteret
243 375 358 406 offerre
383 378 415 405 et
439 373 514 416 quid
539 378 667 405 vestrae
692 373 885 416 prudentiae
910 373 1070 405 amabi1e³
1094 384 1167 406 esse
1192 375 1363 416 potuisset.

195 427 282 468 Ergo
307 427 340 457 in
363 430 491 457 vestrae
515 425 646 468 pietatis
671 426 892 456 sacratissima
915 425 1130 457 sollicitudine
1161 437 1223 457 non
1247 426 1344 458 dubie
1370 431 1478 468 patet.
1504 427 1579 468 quid
1602 437 1658 468 per
1682 436 1739 457 vos

55 489 66 507 ⁵
94 481 148 511 inb
172 480 270 511 totius
295 479 454 510 ecclesiae
479 479 616 509 salutem
633 477 789 519 Spiritus⁰
806 481 937 508 sanctus
956 482 1125 518 operetur:
1143 482 1175 509 et
1191 478 1340 519 quantisd
1359 479 1581 509 universorum
1598 478 1741 509 fidelium

92 532 243 574 precibus
275 531 316 562 sit
346 530 553 572 optandumfl.
583 533 619 560 ut
650 530 682 560 in
714 539 840 560 omnem
872 529 1006 569 gloriam
1036 534 1177 560 vestram
1208 530 1403 561 extendatur
1433 531 1618 572 imperium:
1652 534 1684 561 et
1708 532 1742 560 ut

92 585 179 615 intus
203 584 244 614 sit
266 582 415 614 omnibus
439 581 509 613 Deo
534 581 684 612 fidelibus
709 581 847 612 amabile
873 583 905 612 et
929 581 1005 611 foris
1021 581 1226 612 sanctissimo
1252 582 1390 612 nominif
1412 582 1522 612 illius&
1546 581 1741 612 adversariis

93 635 248 668 terribile.
307 634 369 665 Sed
395 634 561 676 quaerenti
592 633 693 664 mihih
723 632 767 664 eti
791 632 1030 664 considerantik
1059 633 1153 663 nihill
1185 633 1341 674 digniusffl
1371 634 1602 676 pacatissimon
1630 633 1744 664 honori

92 692 200 720 vestro
225 688 383 719 inveniri⁰
405 696 500 729 posse
518 684 741 728 [videbaturv]‚
759 696 854 727 quam
872 685 1052 716 divinorum
1070 696 1205 717 munera
1223 686 1388 717 librorum.
1409 686 1472 727 qui.
1491 685 1612 727 Spiritu
1631 690 1742 717 sancto

41 749 65 768 ιο
93 740 234 772 dictante
258 743 291 771 et
315 739 444 770 Christo
469 738 529 770 deo
553 739 766 770 ministrante.
791 738 831 769 ad
857 738 994 769 salutem
1019 739 1118 769 totius
1140 738 1271 769 humani
1295 739 1424 779 generis
1441 739 1592 769 caelestis
1617 738 1742 778 gratiae

93 793 218 824 calamo
244 791 417 833 conscripti
443 794 526 822 sunt.
573 790 678 826 Quos.
704 791 735 821 in
760 791 855 821 unius
881 790 1054 821 clarissimi
1080 791 1221 832 corporis
1247 791 1452 821 sanctitatem
1478 800 1620 821 conexos
1646 793 1742 830 atque

93 844 266 886 diligenter
301 842 490 874 emendatos
504 843 523 876 ¹,
559 847 686 873 vestrae
721 842 923 873 altissimaeq
958 842 1141 873 auctoritati
1176 847 1253 884 perr
1289 842 1373 873 hunc
1409 842 1608 872 carissimum
1643 841 1743 871 filium

92 894 277 927 nostrum³²
302 895 457 936 vobisque
482 894 610 925 fidelem
635 894 790 925 famulum
816 894 954 935 dirigere
980 894 1127 926 curavi³:
1158 898 1318 936 quatenus
1343 893 1447 935 plenis
1465 893 1614 924 manibus
1632 893 1744 924 iocun-

91 948 224 980 dissimo
249 951 376 978 vestrae
401 946 568 988 dignitatis
593 946 737 977 adstaret
761 946 904 984 servitio,
929 946 993 987 qui,
1018 947 1117 988 longa
1134 946 1239 977 fessus
1257 946 1454 983 infirmitate.
1479 945 1550 977 Deo
1570 946 1744 976 miserante

41 1009 65 1028 1⁵
93 1000 168 1031 dum
192 999 426 1041 aliquantulum
451 998 624 1031 convaluit,
648 998 787 1029 affatimt
811 1001 953 1028 vestram
978 997 1067 1028 adire
1091 998 1269 1029 festinabat
1292 998 1457 1039 pietatem.

195 1051 260 1093 Sed
292 1055 325 1082 et
353 1051 560 1082 lacrimarum
589 1050 782 1081 munuscula
814 1059 959 1080 mearum
991 1049 1023 1079 in
1049 1049 1247 1081 orationibus
1271 1049 1357 1091 apud
1383 1049 1540 1080 Sanctum
1566 1048 1741 1079 Martinum

91 1115 150 1146 pro
173 1103 477 1135 desiderantissima
500 1102 701 1133 auctoritatis
719 1106 847 1132 vestrae
873 1101 1089 1143 prosperitate
1107 1102 1201 1133 vobis
1223 1102 1310 1133 fideli
1328 1102 1511 1132 transmitto
1537 1101 1744 1142 sponsioneu.

92 1155 177 1187 Ille4
199 1155 328 1193 serviat,
354 1155 435 1186 sicut
459 1154 568 1192 decet,
593 1154 723 1185 domino
749 1154 911 1195 piissimo:
936 1164 996 1195 ego
1021 1153 1120 1184 orabo
1149 1165 1206 1196 pro
1231 1154 1387 1185 dominov
1411 1153 1638 1184 dilectissimo.
1665 1163 1744 1194 quo-

92 1207 186 1239 modo
211 1208 313 1238 sancti
336 1207 475 1249 Spiritus
500 1207 641 1238 visitatio
667 1217 720 1237 cor
744 1217 852 1237 meum
876 1205 1070 1237 inluminare
1096 1205 1292 1248 dignabitur.
1341 1205 1374 1236 Si
1405 1205 1483 1247 quid
1508 1205 1607 1246 igitur
1630 1205 1744 1236 melius

41 1271 67 1291 πο
93 1260 211 1291 mentis
234 1269 326 1290 meae
349 1258 481 1290 devotio
506 1259 652 1290 invenire
676 1259 844 1292 valuisset,
870 1259 982 1299 utique
1005 1269 1106 1300 prona
1132 1259 1297 1289 voluntate
1322 1258 1354 1288 in
1378 1262 1587 1299 augmentum
1612 1257 1745 1288 honoris

91 1311 191 1343 vestri
216 1311 409 1342 offerremW.

884 1484 956 1515 262.
1006 1496 1008 1499 ·

193 1545 349 1577 Alcvimis
378 1543 574 1576 Nathanaeli
606 1543 751 1582 mandat,
785 1546 821 1575 ut
848 1543 978 1576 codicem
1005 1544 1101 1576 libros
1134 1544 1207 1575 novi
1241 1544 1416 1576 testamenti
1445 1542 1748 1583 comprehendentem

91 1597 196 1629 natali
221 1597 341 1630 Christi
362 1596 412 1628 die
435 1596 634 1637 Aquam-ant
660 1596 772 1628 Carolo
795 1597 860 1637 reyi
882 1596 1001 1634 offerat.
1051 1595 1161 1629 Gislac
1188 1595 1365 1628 abbatissae
1391 1594 1520 1627 Caleiisi
1542 1596 1643 1627 sorori
1666 1596 1747 1636 reyis

93 1651 121 1681 et
142 1648 305 1681 Rotrudae
328 1649 464 1681 eiusdem
484 1649 573 1688 filiae
595 1648 727 1680 salutem
749 1648 887 1680 ascribit.
1481 1648 1661 1679 798-803.

41 1711 65 1731 ²⁵
198 1709 260 1736 0001.
279 1709 312 1736 H
326 1709 372 1741 fol.
389 1712 507 1735 63¹—64.

196 1752 269 1779 Edd.
292 1751 386 1785 F185,
404 1751 427 1778 J
439 1755 499 1778 206.
519 1767 550 1770 —
571 1751 664 1785 Miync
682 1751 728 1777 col.
742 1754 800 1778 374.

625 1840 771 1864 ALBINUS
792 1839 1020 1863 NATHANAELI
1040 1840 1209 1864 SALUTEM,

197 1892 382 1934 Cognoscat
411 1895 443 1923 te
467 1892 500 1922 in
530 1891 777 1924 benedictione.
809 1891 862 1932 qui
887 1891 1015 1932 agnitus
1042 1894 1090 1922 est
1114 1901 1133 1921 a
1155 1894 1202 1928 te,
1226 1890 1325 1921 beato
1350 1890 1558 1932 praedicante
1582 1889 1950 1932 Philipp020f.1-:ccn.44.2ss.

94 1946 149 1988 qui
181 1949 213 1977 te
249 1944 308 1976 sub
343 1944 406 1975 ficu
444 1944 562 1975 veteris
597 1943 708 1975 delicti
742 1943 869 1974 vocavit
903 1943 943 1974 ad
981 1944 1083 1974 virum
1115 1942 1154 1974 de
1186 1942 1338 1974 Nazaret.
1398 1942 1461 1978 Qui
1493 1948 1524 1974 te
1563 1943 1632 1973 sine
1673 1941 1746 1973 dolo
1759 1953 1804 1974 Ioh.
1822 1956 1839 1974 1.
1854 1956 1886 1979 45.
1902 1956 1936 1975 43.

42 2084 67 2103 3⁰
197 2076 222 2107 ⁸)
241 2077 378 2101 amabilem
402 2075 429 2106 T,
448 2075 478 2100 L.
551 2074 576 2103 b)
596 2083 644 2099 om.
659 2075 688 2099 L.
761 2079 783 2105 c)
803 2075 920 2099 Christus
935 2074 965 2098 L.
1037 2073 1061 2103 d]
1081 2075 1158 2099 tantis
1172 2074 1202 2097 L.
1274 2078 1296 2101 e)
1317 2075 1451 2107 opitatium
1465 2074 1495 2098 L.
1567 2072 1586 2105 f)
1607 2073 1700 2098 domini
1720 2073 1747 2098 T.

92 2119 117 2151 8)
130 2129 178 2145 om..
196 2119 222 2145 T.
288 2118 314 2151 h)
328 2127 368 2144 me
386 2118 413 2149 T,
430 2118 460 2143 L.
526 2117 544 2149 5)
564 2118 633 2143 illius
654 2117 683 2141 L.
750 2116 776 2149 k)
790 2126 837 2142 om.
858 2118 890 2146 T,·
909 2118 1063 2142 desideranti
1076 2117 1114 2146 L;
1133 2117 1228 2142 consid.
1243 2117 1331 2147 taerc.
1395 2116 1411 2149 ly
1427 2118 1462 2142 nil
1477 2117 1507 2141 L.
1562 2118 1595 2147 11Υ)
1609 2117 1702 2149 (lignus
1717 2117 1746 2140 L.

92 2164 118 2196 ¹³)
131 2163 308 2197 peccatissimo
322 2162 352 2187 L.
406 2161 430 2194 0)
450 2162 565 2186 invenire
580 2161 609 2185 L.
663 2165 687 2186 Ρ)
707 2161 842 2186 videbatur
855 2161 957 2186 addidit
970 2161 995 2185 J.
1057 2161 1081 2192 q)
1101 2161 1255 2185 almissimae
1269 2161 1299 2185 L.
1360 2166 1379 2184 ἢ
1400 2170 1447 2186 um.
1466 2161 1493 2185 T.
1548 2166 1567 2187 ⁵]
1589 2166 1701 2185 vestrum
1722 2160 1747 2184 T.

91 2208 111 2239 t)
131 2208 247 2232 affectate
265 2205 366 2238 scripsit
386 2205 481 2237 Iaffeus
496 2212 548 2236 pro
567 2204 663 2228 affatim
686 2203 714 2234 T,
736 2203 783 2234 T*,
805 2204 834 2228 L.
907 2204 931 2235 u)
951 2204 1078 2236 ssunsione
1098 2204 1129 2228 L.
1200 2206 1224 2235 ¹⁷)
1245 2205 1336 2229 domno
1362 2204 1387 2228 T.
1459 2204 1489 2229 w)
1509 2206 1612 2229 orfei-em
1637 2205 1664 2229 l..

197 2285 223 2316 1)
243 2282 360 2310 Codicem
383 2281 577 2315 eranyeliorzim
603 2281 752 2314 significare
777 2280 880 2307 ridetur
904 2281 1039 2314 quondam
1066 2281 1093 2307 S.
1110 2281 1220 2307 Mariae
1242 2280 1278 2306 ad
1296 2283 1437 2314 maityres,
1464 2288 1539 2306 nune
1562 2280 1746 2313 Trevirensem,

43 2334 67 2354 ³⁵
91 2326 266 2361 pulcherrime
285 2326 424 2359 scriptum,
445 2325 474 2350 in
493 2333 545 2358 quo
560 2327 619 2357 post
637 2324 733 2350 librum
751 2325 927 2357 qenerationis
947 2324 1009 2350 Iesu
1029 2324 1127 2350 Christi.
1145 2324 1172 2349 lu*
1193 2332 1282 2350 versus
1301 2325 1427 2356 lequntur
1445 2324 1525 2355 (Poet.
1539 2324 1625 2350 C'arol.
1642 2324 1669 2350 Ι.
1692 2328 1747 2355 294,

95 2371 136 2398 Μ.
150 2370 264 2402 Keuffe‘r
283 2368 435 2395 Hamischr.
450 2367 497 2394 der
516 2367 651 2394 Stadtbibz.
664 2376 698 2393 :u
721 2367 797 2393 Trier-
816 2368 837 2399 1,
858 2369 919 2401 25):

379 2404 382 2407 ,
510 2411 632 2445 Suscipe,
652 2419 707 2438 rex.
727 2420 844 2445 parvum
863 2411 958 2445 magni
978 2411 1059 2437 modo
1078 2419 1178 2437 munus
1197 2411 1305 2438 amoris.

563 2454 643 2486 Quod
662 2456 726 2480 tuus
746 2455 864 2481 Albinus
883 2455 987 2481 obtulit
1007 2463 1069 2481 ecee
1089 2454 1149 2480 tibi.

509 2499 611 2532 Magna
631 2498 723 2524 ferunt
743 2499 808 2531 secli
827 2507 958 2532 gazarum
979 2498 1051 2525 dona
1070 2500 1206 2532 potentes.

44 2553 70 2572 40
562 2542 626 2568 Fert
644 2551 705 2568 mea
725 2543 870 2576 pauperies
891 2543 945 2569 ista
964 2543 1071 2568 minuta
1092 2543 1154 2571 duo,
1174 2543 1221 2574 (cf.
1236 2542 1303 2568 Luc.
1318 2546 1355 2574 21,
1370 2546 1396 2575 2)

479 2595 490 2613 5
511 2586 552 2612 Ne
571 2595 659 2612 vacua
678 2586 707 2611 in
726 2586 811 2612 sacris
830 2587 951 2613 venisset
969 2586 1067 2613 dextra
1087 2586 1183 2611 diebus

562 2630 634 2655 Ante
655 2629 729 2662 piam
750 2629 855 2656 faciem.
876 2638 923 2656 rex
944 2630 1108 2657 venerande,
1128 2632 1215 2655 tuam.

507 2672 627 2699 Nomina
646 2675 803 2699 sanctorum
825 2674 933 2707 signavi
955 2676 1050 2699 sancta
1070 2674 1217 2707 parentum

559 2716 685 2742 Haebrea
704 2717 867 2751 depromens
887 2726 940 2744 ore.
961 2717 1068 2743 Latine.
1089 2720 1146 2743 tuo.

45 2769 69 2787 45
510 2760 562 2786 Fer
581 2768 648 2786 mea.
669 2762 744 2786 carta
764 2770 833 2792 mea,
853 2762 969 2795 supplex
989 2761 1153 2786 munuscula
1173 2759 1281 2785 domno.

457 2812 481 2830 ιο
560 2804 678 2837 Corpore
698 2805 856 2837 premodico
877 2805 981 2831 viscera
1001 2813 1104 2837 magna
1122 2812 1228 2837 gerens.
1265 2801 1319 2833 (Cf.
1333 2809 1415 2834 supra
1432 2803 1522 2834 1›.323
1540 2810 1568 2828 η.
1584 2804 1616 2834 1.)

96 2846 122 2880 2)
142 2846 343 2880 Natlmuaelem,
364 2855 382 2872 r,
399 2847 472 2878 infra
492 2851 601 2879 1312262.
673 2848 699 2879 3)
719 2847 760 2873 ‹IIc
780 2848 879 2873 natalis
899 2848 1011 2873 Domini
1029 2846 1182 2879 offerendos,
1205 2854 1224 2871 ι’.
1239 2854 1277 2878 cp.
1294 2849 1342 2871 262
1357 2853 1386 2878 p.
1401 2848 1458 2870 420.
1529 2845 1556 2877 4)
1577 2844 1746 2871 Naehanael.

1493 2888 1541 2914 53*
