2089 3171
68 708 91 726 10

66 971 89 989 15

66 1230 92 1250 20

67 1494 90 1513 25

67 1754 92 1773 ³0

66 2013 91 2032 ³5

67 2276 94 2295 ⁴⁰

69 2610 94 2629 ⁴5

704 146 853 172 ALCVINI
873 146 1083 172 EPISTOLAE.
1123 147 1179 172 111.
1714 151 1764 181 151

219 234 290 265 Hoc
315 234 399 264 enim
417 236 525 264 tantus
550 238 582 264 et
605 244 623 263 a
640 233 711 264 Deo
734 234 918 274 specialiter
943 233 1067 264 electus
1094 234 1238 274 gentium
1258 234 1462 276 praedicator
1487 236 1564 276 egit.
1589 240 1624 266 ut
1642 247 1769 267 omncm
1806 237 1866 266 796

116 286 269 317 radicitus
304 285 508 316 occasionem
543 286 699 316 avaritiae
736 285 1016 326 praedicatoribus
1053 286 1250 317 abscideret:
1287 292 1446 326 quatenus
1484 288 1591 317 nullus
1627 280 1936 328 qualibetp'ffiffiuff‘m'

117 338 293 380 cupiditate
317 338 463 370 inlectus.
489 337 545 368 sed
563 337 631 368 sola
649 337 769 368 Christi
788 338 923 368 caritate
941 338 1152 368 confortatus.
1180 338 1314 368 verbum
1341 338 1402 368 Dci
1428 338 1663 379 p1·aedicaret³.
1690 341 1771 370 sicut

119 391 189 431 ipse
214 391 243 420 in
270 389 439 430 evangelio
465 389 530 420 suis
554 390 758 430 praecipiens
784 389 949 431 discipulis
975 390 1032 420 ait:
1059 390 1178 420 ‘Gratis
1203 389 1387 430 accepistis.
1412 391 1513 430 gratis
1539 390 1636 422 date'.
1785 403 1901 424 umam.
1918 406 1936 423 a.

221 442 254 473 Si
279 445 368 472 tanta
393 441 545 472 instantia
572 441 643 471 leve
669 440 788 472 Christi
815 442 924 482 iugum
957 446 988 472 et
1014 452 1092 472 onus
1118 441 1239 472 suaveb
1264 441 1432 472 durissimo
1458 442 1623 473 Saxonum
1652 445 1811 485 populonv.
1829 457 1902 475 uso.

115 494 367 535 praedicaretur.
394 498 513 534 quanta
539 493 736 523 decimarum
755 493 911 524 redditioc
936 494 986 524 vel
1013 493 1128 534 legalis
1154 504 1211 534 pro
1230 493 1429 534 parvissimis
1452 494 1651 534 quibuslibet
1670 496 1771 536 culpis

115 544 235 576 edictid
259 545 438 575 necessitas
464 545 667 585 exigebatur,
692 545 776 576 forte
800 545 1003 587 baptismatis
1030 549 1232 576 sacramenta
1259 555 1323 575 non
1349 545 1595 576 abhorrerent1¹

219 596 291 628 Sint
327 596 478 627 tandeme
506 596 680 637 aliquando
709 596 858 628 doctores
890 597 963 628 fidei
997 597 1185 639 apostolicis
1218 597 1334 627 eruditi
1371 598 1543 639 exemplis:
1579 598 1642 628 sint
1676 610 1771 640 prae-

117 649 286 679 dicatores.
313 658 374 678 non
398 647 658 689 praedatoresffl.
697 648 869 679 Confidant
894 649 925 679 in
951 649 1035 679 illius
1053 649 1184 690 pietate.
1211 649 1264 690 qui
1290 649 1349 678 ait:
1378 648 1496 679 Nolite
1514 654 1640 690 portare
1659 661 1769 680 saccu-
1785 660 1836 679 ιω.
1855 663 1884 680 ιο.
1900 662 1919 679 4.

118 700 184 731 lum
208 704 263 731 aut
287 698 408 741 peram'
433 704 464 730 et
489 704 611 730 cetcra.
638 710 721 740 quae
746 704 935 733 secunturssz
968 704 999 731 et
1024 700 1063 731 de
1088 711 1149 742 quo
1175 700 1333 741 propheta
1360 701 1476 741 inquit:
1508 701 1580 736 Qui
1599 712 1771 742 numquam
1785 699 1937 745 {Jflst’ffffl

117 751 333 793 derelinquith
358 756 527 793 sperantes
550 752 582 782 in
607 751 663 782 se'.

219 803 312 834 Haec
329 807 415 835 tuae.
440 803 640 835 venerandei
664 804 777 837 amice,
804 805 920 845 scripsi
945 804 1122 835 dilectioni.
1148 807 1308 845 quatenus
1333 804 1396 834 tuis
1421 805 1592 846 proficiant
1616 806 1773 836 ammoni-

116 855 256 887 tionibus
285 856 337 897 qui
368 867 385 886 a
415 860 446 886 te
471 856 639 886 consilium
665 857 775 887 audire
801 855 1020 887 desiderant3.
1063 856 1130 886 Scit
1155 857 1240 887 enim
1265 856 1345 886 haec
1366 857 1473 887 onmia
1492 857 1613 898 optime
1637 857 1773 888 dilectus

117 918 209 938 meus
233 907 354 945 David,
386 908 437 938 cui
461 907 552 938 Deus
577 912 609 939 et
634 909 824 949 sapientiam
849 907 940 939 dedit
972 912 1004 938 et
1028 908 1145 938 bonam
1172 908 1386 938 voluntatem:
1425 908 1484 938 utk
1516 909 1671 950 plurimos
1696 920 1772 940 con-

118 961 216 991 vertit
247 960 384 1001 populos
421 959 461 990 ad
493 960 662 991 caritatem
692 959 810 990 Christi
847 964 879 990 et
912 959 1050 991 laudem.
1105 959 1164 990 Cui
1198 960 1301 990 omnis
1334 960 1462 990 bonitas
1498 966 1529 991 et
1558 961 1703 1002 potentia
1733 961 1773 991 ad

115 1012 383 1044 benefaciendum
410 1012 538 1044 sufficit.
564 1012 623 1042 nisi
647 1023 746 1042 unum
765 1011 987 1042 tantummodo
1005 1015 1136 1053 propter
1153 1016 1300 1053 tempora
1318 1012 1498 1053 periculosa
1517 1012 1612 1043 huius
1631 1013 1752 1043 saeculi
1767 1024 1771 1042 ;
1784 1030 1802 1046 -,»,
1815 1026 1868 1046 Tim,
1885 1024 1903 1042 3.
1921 1026 1938 1042 ι.

117 1064 202 1106 quod
230 1064 368 1095 rariores
393 1064 491 1095 habet
515 1064 678 1095 adiutores
702 1064 733 1094 in
758 1074 855 1105 opere
881 1063 1028 1101 Domini,
1060 1063 1170 1105 quaml
1204 1073 1339 1094 necesse
1372 1064 1473 1095 sitm4.
1520 1063 1636 1094 Nullus
1666 1069 1773 1095 tamen

117 1116 150 1147 in
173 1116 292 1147 mundo
317 1116 482 1149 meliores.
519 1120 554 1146 ut
585 1116 696 1150 credo,
732 1116 831 1147 habet
856 1126 951 1157 quam
985 1116 1049 1147 ille.
1095 1115 1165 1146 Hos
1190 1116 1331 1147 erudiat.
1368 1120 1568 1146 ammoneat.
1605 1121 1636 1146 et
1660 1116 1774 1146 doceat

119 1167 297 1199 secundum
323 1169 516 1210 sapientiam
549 1169 608 1199 sibi
641 1179 658 1198 a
683 1168 754 1199 Deo
785 1168 904 1199 datam.
951 1167 993 1198 Et
1021 1172 1070 1199 tu.
1100 1168 1287 1199 fidelissime
1319 1168 1524 1209 dispensator
1548 1168 1773 1198 thesaurorum

120 1223 153 1251 et
180 1224 345 1251 servatoru
375 1220 582 1251 consiliorum
612 1225 644 1251 et
673 1219 801 1250 adiutor
830 1219 982 1258 devotus,
1015 1220 1151 1250 viriliter
1179 1220 1228 1251 fac
1254 1221 1451 1250 voluntatem
1482 1220 1577 1250 illius.
1633 1219 1711 1249 Esto
1744 1220 1774 1249 in

118 1273 251 1304 consilio
275 1274 384 1304 suavis
410 1276 441 1304 et
466 1273 496 1303 in
522 1283 620 1315 opere
644 1276 808 1304 strenuus:
842 1272 996 1314 pacificus
1022 1273 1053 1302 in
1079 1272 1187 1309 domo,
1213 1271 1355 1313 prudens
1380 1272 1412 1302 in
1438 1271 1669 1313 legationibus:
1705 1272 1775 1313 pius

117 1325 150 1356 in
175 1335 336 1367 pauperes
362 1328 394 1356 et
417 1325 570 1359 miseros,
603 1326 706 1356 iustus
731 1325 762 1355 in
786 1324 929 1355 iudiciis⁴
961 1325 1070 1365 largus
1096 1325 1127 1355 in
1152 1324 1378 1365 elymosinis⁰z
1413 1328 1448 1354 ut
1473 1334 1514 1354 ex
1539 1323 1773 1364 temporalibus

117 1377 237 1408 divitiis
261 1377 325 1408 tuis
349 1381 499 1408 aeternas
525 1376 643 1408 Christi
668 1377 824 1408 merearis
850 1377 881 1407 in
906 1377 1014 1408 caelis.

221 1429 337 1460 Adhuc
366 1440 416 1460 me
448 1429 577 1460 dilectio
608 1429 716 1460 dilecti
745 1430 808 1460 mei
837 1428 943 1460 David
973 1425 1219 1460 et'sollicitudo
1251 1428 1364 1458 salutis
1395 1428 1569 1458 multorum
1600 1428 1686 1469 cogit
1717 1428 1774 1459 tibi

119 1481 257 1513 suadere
282 1492 364 1523 quae
389 1482 479 1512 utilia
504 1482 570 1512 scio
596 1492 703 1513 coram
730 1481 800 1512 Deo
827 1486 859 1513 et
882 1481 1020 1512 honesta
1045 1491 1153 1511 coram
1179 1480 1321 1512 saeculo.

221 1533 304 1565 Nam
335 1534 464 1575 quidam
498 1533 685 1564 sacerdotes
715 1534 849 1569 Christi,
880 1533 933 1574 qui
963 1533 1085 1564 habent-
1113 1533 1304 1574 parochiasP
1337 1540 1368 1563 et
1401 1532 1539 1562 honores
1576 1533 1712 1563 saeculi.
1743 1537 1775 1563 et

118 1586 239 1628 gradus
263 1586 460 1617 ministeriiq
489 1597 553 1616 non
578 1586 691 1617 volunt
715 1586 845 1617 habere.
885 1585 1025 1616 Videtur
1049 1584 1127 1615 mihi
1153 1584 1280 1615 melius.
1306 1589 1339 1614 ut
1365 1584 1494 1625 plenam
1512 1583 1654 1615 habeant
1676 1584 1775 1614 bene-

117 1638 292 1670 dictionem
318 1642 350 1669 et
374 1638 503 1679 plenam
528 1638 712 1669 mercedem
739 1637 824 1679 apud
848 1637 966 1668 Deum.
1012 1636 1107 1667 Nunc
1132 1647 1208 1667 vero
1235 1636 1339 1666 alius⁵
1375 1635 1502 1666 laborat
1526 1646 1583 1676 pro
1609 1635 1775 1666 merceder

118 1695 292 1734 perpetua:
323 1690 369 1721 illi
398 1701 474 1721 vero
512 1701 568 1732 pro
598 1690 758 1721 saeculari
788 1689 920 1720 honore.
974 1688 1098 1719 Privati
1128 1699 1206 1719 vero
1237 1692 1325 1719 sunt.
1360 1692 1395 1717 ut
1426 1698 1498 1718 cum
1531 1698 1612 1729 pace
1643 1688 1774 1720 dicam⁵.

118 1744 296 1785 potestate*
324 1742 465 1784 ligandiu
496 1747 528 1773 et
552 1742 712 1775 solvendi.
744 1742 829 1784 quod
854 1742 1089 1772 clarissimumv
1112 1742 1145 1771 in
1170 1741 1309 1771 ecclesia
1335 1740 1455 1770 Christi
1481 1739 1600 1770 donum
1626 1740 1774 1770 Christus

119 1795 208 1826 dedit
231 1795 386 1836 apostolis
411 1798 443 1825 et
467 1806 525 1836 per
549 1805 604 1826 eos
631 1794 873 1825 successoribus
899 1794 974 1824 suis.
1023 1786 1158 1824 Necnon
1183 1796 1243 1823 etw
1269 1792 1427 1823 ecclesiis.
1458 1802 1540 1832 quae
1566 1802 1628 1822 non
1654 1792 1775 1823 habent

117 1850 296 1888 pastoresx,
324 1847 541 1889 periculosum
571 1851 618 1878 est
647 1852 799 1888 gregem·v
824 1845 945 1877 Christi
969 1845 1092 1886 absque
1123 1849 1252 1887 pastore
1283 1844 1337 1874 diu
1370 1855 1510 1874 manere.
1558 1844 1683 1874 Intrant
1708 1845 1834 1886 lupiAct.
1855 1858 1886 1875 2o.
1907 1856 1938 1875 29.

118 1910 268 1941 rapacem
302 1899 359 1930 sed
388 1909 451 1929 non
481 1903 531 1930 est
562 1899 615 1940 qui
646 1888 852 1939 exigat-eos.
900 1897 1001 1928 Sedet
1026 1897 1095 1928 sola
1129 1901 1161 1927 et
1185 1896 1280 1927 vidua
1305 1896 1434 1926 domina
1464 1896 1624 1936 gentium.
1658 1900 1688 1926 ct
1713 1907 1938 1927 nonrhrmtrra.

119 1954 168 1982 est
196 1951 249 1992 qui
286 1951 472 1982 consoletur
500 1961 582 1983 eam.
628 1950 714 1981 Dicit
743 1954 775 1981 et
810 1950 881 1991 ipsa
910 1949 1044 1980 veritas:
1080 1948 1208 1979 ‘Messis
1242 1947 1371 1989 quidem
1407 1947 1507 1978 multa
1539 1952 1601 1978 est.
1636 1949 1774 1989 operarii
1787 1959 1938 1979 Lumo-,13⁴

119 2006 228 2034 autem
253 2003 359 2045 pauci:
384 2007 498 2044 rogate
522 2002 686 2033 dominum
711 2002 837 2034 messis.
862 2002 968 2032 mittat
993 2001 1160 2042 operarios
1185 2001 1216 2030 in
1241 2010 1381 2030 messem
1406 1998 1519 2030 suam'.

223 2055 265 2086 Et-
282 2066 342 2097 ego
361 2055 451 2086 dicoz
468 2055 535 2089 tibi,
561 2055 725 2086 carissime
743 2055 858 2085 amice:
884 2054 1000 2085 messis
1019 2052 1169 2094 quidem³
1187 2052 1287 2083 multa
1306 2055 1355 2082 est
1379 2052 1410 2082 in
1428 2052 1548 2093 populo
1566 2051 1740 2082 christiano
1750 2052 1773 2086 ὓ,

119 2108 177 2140 sed
206 2119 270 2139 non
301 2110 376 2139 sunt
404 2108 435 2138 in
463 2107 656 2149 quibusdam
689 2107 767 2138 locis
797 2116 971 2137 messores.
1019 2105 1068 2135 Tu
1092 2115 1168 2135 vero
1198 2114 1279 2145 roga
1309 2103 1476 2134 dominum
1500 2104 1631 2136 messis.
1668 2103 1697 2134 id
1728 2108 1775 2134 est

118 2160 225 2192 David
254 2170 361 2191 meum
393 2159 562 2197 dilectum,
598 2162 633 2189 ut
663 2159 786 2189 mittat⁰
810 2157 974 2199 operarios
1007 2156 1058 2188 ind
1083 2167 1225 2187 messem
1250 2166 1356 2186 suam:
1391 2160 1553 2197 quatenus
1584 2156 1664 2186 illise
1690 2155 1775 2185 dicat

119 2217 262 2254 rogatus,
287 2212 370 2243 sicut
393 2222 471 2242 suus
494 2212 644 2253 proprius
669 2214 834 2252 protector
859 2214 891 2241 et
914 2208 1047 2240 unicusf
1070 2212 1195 2240 amator
1221 2207 1371 2239 Christus
1397 2207 1477 2237 deus
1503 2207 1583 2237 dixit
1609 2206 1773 2248 discipulis

122 2266 203 2296 suis:
228 2264 305 2302 dte,
331 2274 406 2295 ecce
432 2275 492 2305 ego
518 2264 608 2294 mitto
635 2262 711 2293 vos'.
760 2262 835 2303 Ipse
861 2266 910 2292 est
935 2261 1084 2291 dominus
1110 2261 1242 2291 vineae.
1270 2260 1374 2290 mittat
1400 2259 1565 2300 oljicrarios
1591 2259 1622 2288 in
1649 2259 1773 2288 vineam
1786 2271 1837 2291 Luc.
1856 2276 1886 2295 ω,
1902 2274 1920 2292 3,

223 2431 247 2461 ⁸)
266 2432 410 2463 praedicare
430 2430 465 2461 H,
489 2430 535 2454 T*.
620 2430 643 2461 b)
663 2438 723 2454 suae
746 2430 784 2455 II,-
803 2438 868 2454 onus
888 2429 943 2453 eius
962 2429 1017 2454 leve
1042 2428 1088 2452 T*.
1173 2428 1196 2453 ἢ
1216 2427 1306 2451 redditi
1330 2426 1361 2451 Il.
1387 2425 1433 2449 T*.
1517 2423 1541 2449 (¹)
1561 2425 1649 2449 edictis
1669 2425 1704 2454 ll,
1730 2425 1775 2449 T&

119 2475 143 2505 ο)
158 2475 302 2499 sintaudem
322 2475 357 2498 H.
429 2473 449 2504 f)
463 2474 651 2506 praedicatores
665 2473 700 2497 Η.
772 2473 795 2502 Β)
810 2476 933 2503 secuntur
952 2471 998 2496 T*.
1070 2470 1093 2499 ὓ)
1108 2471 1243 2502 dereliquit
1263 2469 1310 2494 T*.
1383 2469 1399 2497 i)
1415 2469 1526 2493 vei-:mdc
1541 2468 1574 2491 II.
1646 2466 1671 2491 ky.
1685 2473 1709 2492 et
1728 2468 1774 2493 T*.

120 2518 139 2551 1)
158 2527 209 2550 qua
227 2518 262 2542 Η.
333 2517 364 2547 ¹¹¹]
379 2518 487 2542 necessit
507 2517 541 2541 H.
611 2516 637 2548 ιἸ)
651 2517 762 2541 salvator
781 2524 846 2540 corr.
866 2515 892 2539 in
912 2520 1026 2539 servator
1046 2514 1087 2539 H:
1105 2518 1202 2538 serator
1228 2513 1272 2537 T‘fi
1344 2512 1536 2536 ¹¹›ele1110siiuis
1562 2511 1606 2534 T*.
1679 2516 1702 2534 Pl
1723 2520 1775 2543 pur-

122 2562 221 2587 rochia-s
246 2561 292 2586 T*.
364 2561 388 2591 q)
406 2561 499 2593 grados
519 2560 660 2591 minysterii
682 2559 715 2583 H.
787 2559 808 2588 ¹)
828 2559 912 2583 merde
932 2558 968 2582 H.
1039 2560 1059 2582 Β)
1079 2558 1151 2582 dieca
1172 2557 1206 2581 H.
1279 2557 1295 2572 ¹¹
1318 2557 1443 2587 potestate
1468 2555 1512 2578 'I'*.
1585 2554 1608 2581 ¹¹)
1622 2555 1725 2585 lagandi
1744 2554 1775 2578 ΙΙ.

122 2606 146 2636 v)
164 2610 203 2630 est
221 2605 282 2629 add.
308 2604 355 2629 T*.
426 2604 455 2633 w)
475 2608 499 2627 et
518 2603 548 2627 de
570 2603 602 2633 H,
629 2602 674 2626 T*.
745 2601 771 2632 x)
791 2606 904 2634 pectores
924 2601 958 2625 H.
1030 2602 1049 2623 δ”
1075 2609 1152 2633 grege
1174 2600 1211 2624 H:
1227 2604 1284 2630 pos!
1303 2608 1369 2622 corr.
1390 2607 1492 2630 gregem
1519 2597 1562 2621 Ἱ’*.
1637 2603 1658 2621 ’ὶ
1679 2607 1725 2621 om.
1743 2598 1774 2622 ll.

124 2648 149 2680 ⁸)
168 2649 271 2680 quidam
291 2648 326 2672 II.
398 2645 423 2677 b)
441 2647 566 2671 (Tristiano
587 2646 621 2670 H.
693 2647 715 2675 0)
735 2647 817 2670 mittet
836 2645 870 2669 II.
943 2643 966 2675 d)
987 2645 1020 2669 im
1041 2644 1076 2669 Η.
1148 2643 1170 2673 e)
1190 2643 1225 2667 illi
1246 2642 1280 2672 H,
1310 2642 1353 2666 T&
1424 2641 1446 2665 sl
1467 2647 1491 2665 ct
1510 2641 1571 2666 add.
1584 2641 1617 2671 IJ,
1646 2641 1689 2666 T‘.

227 2716 252 2748 1)
277 2715 318 2747 Cf.
341 2723 426 2748 supra
446 2722 475 2747 p.
496 2718 544 2740 154
572 2722 598 2739 n.
612 2718 636 2746 1,
665 2717 714 2740 158
732 2722 759 2740 π.
774 2717 796 2739 2.
901 2714 930 2744 2)
952 2713 992 2744 Cf.
1012 2712 1087 2744 insrn
1108 2721 1147 2745 ep.
1163 2715 1222 2738 254:
1251 2720 1301 2737 nec
1320 2712 1414 2736 tantos
1434 2709 1638 2743 praedicatores
1657 2711 1776 2742 quantos

124 2759 310 2794 praedatores.
399 2758 426 2789 3)
449 2757 575 2783 Carolum
592 2765 673 2790 regem
691 2757 804 2790 imelleyi
824 2757 876 2782 vult
890 2756 1025 2782 Alci-inus.
1065 2755 1104 2786 Cf.
1125 2763 1153 2780 cu
1173 2763 1240 2787 quae
1258 2756 1415 2786 sequuntur,
1436 2756 1458 2778 cl
1478 2755 1559 2778 cauta
1577 2756 1600 2778 ct
1618 2753 1726 2778 blanda.
1746 2753 1776 2778 J.

122 2803 150 2835 4)
171 2801 210 2834 Cf.
229 2802 303 2833 infra
323 2810 362 2834 ep.
378 2805 445 2827 254:
474 2803 567 2826 tantos
587 2808 641 2825 non
663 2800 746 2826 habet
766 2800 891 2826 iustitiae
911 2799 1052 2825 adiutores
1073 2800 1191 2831 quantos
1215 2798 1299 2823 ctiam
1319 2795 1500 2822 subversores.
1607 2798 1633 2825 ξι)
1655 2796 1776 2821 ricarins.

226 2852 369 2879 ΕΡιετοιΛε
387 2852 434 2879 1V.
1536 2848 1568 2872 21
