2089 3171
676 180 828 211 ALCVJNL
845 180 1052 206 Eiusromr.
1092 181 1148 205 1:3-2.
1681 186 1736 214 199

84 269 297 300 exhonoratio
329 278 458 298 servum
489 267 666 298 constituit.
720 266 827 297 Εεειη3
858 270 990 308 propter
1020 267 1303 308 intemperantiam
1334 269 1551 309 primogenita
1580 270 1733 312 pcrdidit;
1760 272 1891 302 —7987

84 320 201 351 Ruben
232 319 412 350 iunioribus
444 318 595 349 fratribus
625 318 819 349 contumelia
850 321 985 359 paterna
1014 319 1207 359 postposuit.
1264 319 1315 350 Ad
1350 323 1552 361 postremum
1589 313 1892 363 quoquet‘sffeffiffiffgf‘i'j

85 371 157 407 ‘Qui
183 371 389 402 maledixerit
412 368 517 411 patri'.
543 373 576 401 et
600 369 735 411 reliqua.
1745 366 1902 416 ζξξᾷξῇζῖ·

188 423 250 454 ΙΙΙ.
273 422 528 453 Benedictiones
552 425 679 463 patrum
704 421 736 452 in
761 421 844 452 filios
868 421 1053 452 hereditare
1078 421 1254 462 genuinum
1280 426 1344 454 est.
1371 427 1484 455 contra
1508 424 1599 465 leges
1624 429 1734 456 autem

44 492 54 508 5
83 478 195 512 nature
223 477 367 516 pugnant
396 474 449 515 qui
482 473 671 514 parentibus
703 473 979 504 inoboedientiam
1011 483 1069 504 seu
1100 474 1335 505 contumatiam
1369 479 1494 516 parant.
1552 476 1734 518 Legitimus

84 527 182 567 igitur
204 526 300 557 heres
325 526 396 563 erit,
421 526 475 566 qui
501 525 644 566 prefixos
669 525 799 556 ordines
825 535 903 566 erga
927 529 1081 566 parentes
1108 525 1260 556 tenuerit.

187 577 267 609 IIII.
291 577 390 608 Aliud
414 581 464 607 est
488 576 633 607 indebite
659 576 838 607 clementer
862 576 998 610 admitti.
1024 575 1111 607 aliud
1136 587 1178 607 ex
1202 576 1312 608 debito
1338 582 1563 619 competenter
1587 581 1736 612 asscribi.

83 630 152 662 Nec
177 632 312 672 possunt
337 640 378 660 ex
402 628 511 659 debito
537 629 641 669 repeti
666 638 725 669 que
752 638 885 669 prorsus
903 628 1047 659 indebite
1067 638 1257 659 concessum
1284 633 1333 660 est
1358 630 1506 671 adipisci.
1554 631 1736 663 Diversitas

85 681 244 723 siquidem
268 682 455 712 meritorum
479 680 684 711 diversitates
709 680 819 720 exegit
844 681 1064 721 praemiorum
1076 680 1099 711 ¹³.

34 745 57 763 ιο
187 733 228 764 V.
253 732 346 768 Quod
378 733 498 774 optime
530 735 625 762 natus
650 736 682 763 et
706 731 920 763 hereditatem
951 732 1095 773 legitime
1128 737 1322 764 consecutus
1353 744 1459 775 neque
1492 734 1574 775 legis
1605 737 1736 777 antique

85 796 140 816 seu
169 795 251 823 nove
280 788 484 826 contemptor
514 784 680 819 inventus,
713 794 772 814 nec
803 783 959 814 adversus
988 787 1113 825 patrem
1145 785 1268 816 sautius
1301 796 1407 827 neque
1438 789 1550 818 eontra
1582 788 1735 829 populum

85 837 282 873 vulneratus,
306 847 457 878 magnam
482 835 600 867 debeat
624 835 848 866 hereditandic
872 846 987 876 gerere
1012 835 1152 867 Domino
1176 837 1353 868 miserante
1378 838 1539 870 fiduciam.

188 888 246 919 VI.
272 889 389 920 Fracto
420 888 527 929 capite
558 887 705 918 subiecta
733 898 858 929 queque
889 888 1046 929 languere
1071 889 1279 930 perspicuum
1310 893 1376 927 est⁷
1412 901 1483 921 cum
1514 890 1554 922 de
1584 891 1737 924 firmitate

85 941 199 983 capitis
224 941 323 971 totius
348 940 518 982 proveniat
541 939 746 970 incolomitas
772 939 928 981 corporis;
962 950 1021 971 uec
1046 944 1183 981 possunt
1207 951 1246 971 ea
1271 942 1411 973 sanitate
1437 943 1583 974 membra
1608 944 1738 975 subdita

34 1003 57 1020 15
84 993 226 1035 gloriari.
251 1003 348 1034 quam
372 995 499 1023 constat
524 992 556 1022 in
580 991 686 1032 capite
711 1001 775 1021 non
801 991 924 1022 haberi.

187 1044 261 1075 VII.
287 1044 351 1075 Hic
376 1044 402 1074 si
427 1044 547 1074 veritas
577 1043 733 1085 queritur,
763 1053 828 1074 non
858 1047 908 1074 est
939 1044 1121 1085 incognita:
1153 1044 1180 1074 si
1209 1045 1305 1082 ratio,
1335 1056 1399 1076 non
1430 1050 1479 1077 est
1511 1047 1677 1088 ambigua:
1713 1049 1739 1079 si

83 1097 270 1132 auctoritas,
296 1106 359 1127 non
378 1099 427 1127 est
442 1096 576 1126 incerta.
617 1094 779 1130 Quoniam
804 1098 837 1126 et
860 1096 1036 1126 auctoritas
1055 1097 1280 1137 supereminet
1303 1101 1336 1128 et
1360 1098 1441 1129 ratio
1460 1101 1551 1139 patet
1569 1102 1601 1130 et
1619 1100 1739 1131 veritas

84 1148 240 1180 abscondi
266 1159 330 1179 non
354 1150 476 1190 potest.

187 1200 280 1232 VIII.
305 1200 478 1241 Tripertita
506 1198 732 1229 distributione
764 1198 916 1230 videntur
946 1199 1008 1229 ista
1037 1199 1144 1230 omnia
1173 1200 1307 1236 includi,
1339 1202 1581 1233 consulentium
1611 1204 1740 1235 scilicet

33 1263 58 1281 20
86 1263 123 1284 ac
146 1253 333 1284 nocentium
357 1255 389 1283 et
413 1262 535 1287 eorum.
561 1251 614 1292 qui
639 1250 686 1281 sic
710 1251 796 1282 inter
819 1254 975 1292 utrosque
1000 1261 1131 1292 semper
1147 1252 1292 1293 ambigui
1317 1257 1401 1290 sunt,
1429 1257 1464 1284 ut
1488 1265 1566 1296 quos
1591 1255 1739 1288 obtinere

84 1304 324 1346 perspexerint,
350 1304 397 1334 eis
422 1313 456 1334 se
481 1303 635 1334 continuo
662 1302 797 1333 socient.
845 1301 927 1332 Sunt
952 1298 1029 1343 ergo
1054 1304 1265 1335 consulentes
1290 1305 1416 1336 utiliter
1439 1306 1630 1344 adiuvandi,
1659 1310 1738 1340 resi-

85 1359 209 1387 stentes
234 1359 342 1387 autem
367 1355 504 1386 viriliter
529 1353 698 1387 obviandi:
723 1353 813 1384 dubii
838 1364 914 1385 vero
940 1354 991 1385 vel
1017 1355 1254 1387 rationabiliter
1271 1356 1497 1395 adtrahaendi,
1522 1359 1574 1390 vel
1600 1359 1738 1391 circum—

84 1412 194 1449 specte
225 1407 464 1440 dissimulandi:
497 1407 687 1447 cunctisque
717 1406 964 1437 monstrandum
998 1417 1057 1438 nec
1090 1409 1319 1440 auctoritatem
1345 1420 1441 1451 posse
1468 1413 1645 1453 corrumpi.
1678 1423 1738 1443 nec

86 1460 246 1490 rationem
270 1460 365 1495 vinci,
390 1470 449 1490 nec
474 1459 648 1489 veritatem
673 1458 825 1498 paenitus
851 1459 1010 1500 superari.

34 1524 57 1543 2⁵
189 1510 299 1542 VIIII.
320 1510 464 1552 Populus
482 1511 574 1541 iuxta
592 1510 779 1540 sanctiones
797 1509 921 1541 divinas
935 1511 944 1528 ¹
962 1510 1129 1541 ducendus
1147 1515 1206 1549 est,
1232 1523 1296 1544 non
1315 1514 1515 1554 sequendus:
1539 1518 1570 1545 et
1587 1515 1627 1546 ad
1646 1516 1739 1546 testi-

85 1564 229 1595 monium
245 1574 381 1605 persone
398 1563 501 1604 magis
520 1563 686 1604 eliguntur
702 1562 850 1593 honeste.
891 1562 960 1593 Nec
977 1562 1130 1594 audiendi
1148 1565 1201 1605 qui
1222 1565 1327 1595 solent
1345 1565 1488 1597 dicere'2:
1515 1566 1601 1597 ‘Vox
1618 1568 1739 1608 populi.

86 1627 149 1648 vox
172 1614 254 1653 Dei'7
280 1626 352 1646 eum
376 1615 619 1646 tumultuositas
644 1614 731 1655 vulgi
758 1625 889 1656 semper
913 1615 1037 1653 insanie
1062 1616 1213 1656 proxima
1239 1617 1291 1647 sit.

188 1667 231 1698 X.
248 1667 394 1708 Vulgare
418 1666 624 1708 proverbium
650 1666 734 1697 est³:
767 1665 828 1697 ‘De
852 1666 932 1697 duro
958 1658 1131 1708 superatur
1155 1668 1286 1709 aliquid,
1312 1668 1351 1700 de
1376 1670 1466 1700 molli
1490 1681 1566 1701 vero
1592 1675 1741 1703 remanet

85 1718 186 1750 nihil'.
242 1719 351 1750 Debet
385 1722 495 1749 tamen
531 1722 563 1749 et
599 1718 762 1760 sapientia
796 1718 981 1749 ministrare
1017 1721 1252 1760 constantiam,
1293 1724 1325 1752 et
1362 1723 1547 1753 constantia
1583 1724 1739 1764 perficere

35 1784 59 1801 ³0
87 1772 291 1813 sapientiam,
315 1774 350 1801 ut
375 1771 416 1801 sit
440 1770 624 1801 constantia
649 1770 791 1811 sapiens.
818 1773 850 1800 et
875 1771 1034 1811 sapientia
1060 1775 1224 1803 constans.

190 1822 248 1853 XI.
274 1822 327 1854 Sic
351 1822 537 1854 exercenda
561 1826 611 1853 est
633 1822 812 1864 predicatio
838 1823 936 1864 pacis.
963 1834 1002 1854 ne
1028 1824 1087 1854 sub
1112 1825 1243 1856 nomine
1261 1826 1393 1867 pietatis
1410 1826 1584 1858 inducatur
1601 1828 1739 1859 assertio

87 1875 248 1906 falsitatis.
293 1874 377 1906 Nam
402 1875 484 1906 sicut
508 1885 622 1916 pacem
647 1885 798 1916 rumpere
817 1876 996 1916 pessimum
1021 1880 1080 1912 est,
1105 1877 1150 1907 ita
1167 1878 1339 1909 veritatem
1362 1889 1482 1920 negare
1501 1879 1739 1920 blasphemum.

87 1927 225 1958 Multum
249 1927 311 1958 sibi
335 1926 474 1968 denique
499 1927 675 1958 concinunt
698 1936 798 1957 verax
822 1927 929 1958 unitas
955 1931 987 1958 et
1010 1928 1145 1969 pacifica
1169 1929 1300 1961 veritas.

189 1978 265 2010 XII.
291 1978 360 2017 Hec
384 1982 417 2010 et
440 1978 614 2017 eiusmodi,
638 1988 721 2015 reor,
746 1979 938 2010 inculcanda
962 1980 1183 2021 simplicibus:
1208 1991 1246 2012 eo
1274 1981 1360 2023 quod
1384 1982 1567 2022 ignorantia
1591 1984 1739 2014 veritatis

35 2043 58 2062 ³⁵
88 2035 184 2073 cogat
208 2041 316 2062 errare
340 2041 435 2072 quam
459 2031 626 2072 plurimos.
675 2031 775 2062 Porro
801 2032 1181 2063 veritated1nanifestata
1198 2034 1350 2064 contrarii
1369 2034 1618 2067 confundentur.
1644 2035 1738 2065 amici

87 2083 321 2116 solidabuntur,
346 2083 489 2114 universi
515 2093 592 2113 vero
616 2084 739 2124 pariter
764 2085 976 2114 excusatione
1001 2085 1170 2115 carebunt.

188 2134 266 2170 Ista,
292 2134 450 2176 supplico,
475 2134 646 2176 dignanter
670 2145 708 2166 ao
726 2135 898 2176 diligenter
915 2136 1075 2177 inspicite.
1115 2136 1234 2174 Vestre
1251 2137 1412 2178 siquidem
1430 2137 1595 2168 fidelitatis
1613 2138 1739 2168 inmen-

89 2187 167 2218 sitas
184 2187 501 2228 parvitatemmeam
526 2185 633 2217 reddit
655 2186 869 2228 inpatientem
886 2198 944 2229 pro
962 2188 1063 2224 vobis5
1089 2189 1166 2219 facit
1190 2189 1289 2219 etiam
1316 2199 1413 2230 supra
1430 2189 1515 2220 vires
1533 2189 1738 2220 audenteme.

90 2238 264 2269 Enimvero
288 2238 385 2269 fidem
410 2248 473 2268 non
497 2237 619 2280 perdit7
651 2238 713 2268 nisi
738 2239 792 2279 qui
817 2249 992 2280 numquam
1018 2239 1142 2270 habuit.
1188 2240 1227 2270 In
1252 2241 1342 2271 cuius
1367 2251 1463 2270 manu
1490 2244 1563 2271 sunt
1587 2251 1682 2281 reges
1707 2244 1857 2291 etfsil‘rov-
1873 2248 1906 2269 21=

37 2305 62 2323 .ιο
89 2291 159 2321 iura
183 2300 364 2331 regnorum,
390 2290 460 2331 ipse
486 2300 620 2321 coronas
645 2290 794 2321 vestras4
818 2290 1024 2332 multiplicet,
1049 2294 1191 2329 tueatur,
1216 2292 1398 2323 obumbret.

196 2572 251 2599 132.
288 2572 311 2605 ¹³)
331 2574 398 2598 esair
419 2574 467 2597 1¹⁴³.
557 2573 580 2600 b]
601 2575 748 2599 meritorum
768 2576 798 2606 P,
822 2585 887 2600 eurr.
909 2576 1039 2600 Balnzius.
1129 2576 1152 2597 “l
1173 2578 1330 2601 horcditumli
1355 2576 1400 2600 [Η.
1490 2575 1514 2603 ’1)
1535 2578 1668 2601 veritatem
1693 2578 1741 2602 I’*.

92 2617 114 2645 ο)
133 2617 257 2642 audenter
276 2616 305 2640 Γ.

196 2693 220 2724 1)
241 2692 373 2718 Caelestia.
395 2692 413 2717 I
427 2700 464 2725 ep.
478 2697 493 2717 :3
511 2692 548 2717 ad
566 2693 734 2726 episcop.pe›·
753 2695 835 2727 Apul.
855 2704 876 2721 c.
891 2699 907 2721 ‚3
925 2696 1034 2721 (Mami
1055 2696 1116 2721 (loll.
1132 2696 1223 2721 concil.
1239 2695 1290 2727 IV,
1306 2699 1378 2727 4159).
1457 2696 1482 2721 :Ji
1505 2695 1641 2728 Oriffl'nenz
1659 2696 1742 2723 huius

88 2735 219 2768 proverbii
241 2736 336 2761 nescio,
407 2736 432 2767 3)
454 2735 493 2767 Cf.
515 2735 623 2769 Eqberti
648 2736 778 2762 Fecunda
803 2739 868 2763 ratis
891 2747 911 2764 ν.
935 2743 980 2765 164
999 2738 1047 2765 (orl.
1064 2739 1134 2770 VoisJt
1159 2747 1186 2771 p.
1207 2740 1269 2770 Μὴ
1299 2738 1394 2764 Mollia
1419 2739 1554 2764 ceduntur
1581 2740 1666 2771 ferro,
1694 2741 1741 2765 sed

39 2787 63 2805 45
91 2778 160 2804 dura
174 2778 335 2804 retundunt.
406 2779 432 2809 4)
454 2778 557 2812 Coyitat
575 2778 606 2804 de
625 2780 729 2805 emonis
744 2781 916 2807 Francorum
936 2790 967 2807 nc
981 2781 1222 2814 Larmolmrzlorum
1240 2784 1263 2806 et
1281 2782 1396 2813 fortasse
1414 2782 1493 2807 etiam
1511 2782 1541 2807 (Ic
1560 2782 1742 2816 imperatoria.

95 2821 166 2847 Perta*
184 2822 254 2847 hcmc
273 2821 409 2854 epistolam
432 2821 564 2847 Einlmrdi
585 2822 716 2848 iudicium
734 2823 763 2849 (Ie
782 2824 942 2850 Bernhardo
961 2833 1017 2856 reae
1040 2825 1135 2849 Ilaliac
1153 2834 1178 2850 η,
1192 2829 1246 2850 917.
1266 2824 1421 2857 deponendo
1439 2833 1490 2849 ess-a
1509 2826 1627 2853 coniecit,
