2089 3171
66 747 89 765 10

66 1007 89 1026 15

65 1527 90 1546 25

67 1786 93 1805 30

69 2045 93 2064 35

71 2574 96 2592 45

706 179 854 206 ALCVINI
879 180 1085 207 EPISTOLAE.
1122 181 1180 208 309.
1706 183 1765 212 475

117 279 186 300 eam
205 267 398 298 sanctificari
423 272 455 298 et
479 268 643 298 iustificari
662 269 816 309 possint&
843 272 874 298 et
900 278 972 299 caro
995 272 1105 299 tantae
1127 268 1304 299 munditiae
1331 269 1384 299 etb
1408 268 1568 298 libertatis
1586 279 1602 298 a
1620 272 1767 309 peccato.
1800 267 1967 298 Sol—801

115 326 150 353 ut
173 320 313 352 omnium
338 320 369 350 in
394 329 429 351 se
455 319 701 350 confidentium
725 330 857 350 carnes.
882 319 991 350 divina
1015 320 1046 350 in
1072 330 1110 350 ea
1142 324 1298 361 operante
1324 320 1444 361 gratia.
1475 321 1604 362 purgari
1630 324 1661 350 et
1685 319 1767 350 libe-

116 372 201 404 rarid
230 372 384 414 possinte.
414 372 489 413 quia
514 371 660 412 sanguiS.
690 371 744 412 qui
773 371 812 402 de
845 371 959 402 eadem
990 371 1104 402 carnef
1127 372 1239 402 lancea
1264 373 1375 402 militis
1402 372 1571 402 vulnerata
1596 371 1767 402 fluxeratg.

116 424 279 468 pretiumh
303 428 352 455 est
375 424 487 454 salutis
510 423 681 461 humanae.
708 433 766 464 per
789 424 879 454 cuius
905 423 1108 454 effusionemi
1133 424 1277 453 extincta
1302 423 1372 453 estb
1389 423 1537 453 flammea
1555 423 1608 454 illa
1625 423 1767 464 paradisi

117 476 297 515 eustodiak‚
322 480 354 507 et
371 476 423 506 via
439 475 587 506 fidelibus
605 478 719 516 aperta
737 479 786 505 est
802 475 843 506 ad
860 476 981 516 lignum
1002 476 1095 506 vitae.
1114 475 1199 516 quod
1221 476 1402 516 plantatum
1420 480 1469 506 est
1487 486 1579 506 secus
1597 475 1874 505 decu1·s11s¹rs.1.³.

116 539 271 570 aquarum
300 527 487 558 viventium.
540 526 638 557 Cuius
670 527 748 567 ligni
780 527 1040 568 sapientissimus
1073 526 1264 558 Salomonm.
1297 527 1371 557 dum
1397 527 1436 558 dc
1465 526 1561 557 laude
1587 528 1766 568 sapientiae

116 581 217 611 multa
233 579 379 615 dixisset.
403 578 591 610 recordatus
617 582 676 609 est.
702 579 747 609 ita
771 578 896 609 dicens:
922 579 1054 610 *Beatus
1072 579 1178 612 homo.
1204 579 1257 620 qui
1282 579 1404 610 invenit
1428 579 1632 620 sapientiam.
1659 585 1690 609 et
1715 579 1872 620 (1111Ρι-«»ν.3,
1890 591 1920 608 11Δ

115 632 216 663 affluit
246 629 457 673 prudentia⁷¹¹.
503 630 545 661 Et
574 631 671 672 paulo
700 634 787 672 post:
813 631 907 662 ·Viae
939 631 1008 662 eius
1038 631 1107 661 viae
1136 631 1305 672 pulchrae.
1338 635 1369 661 et
1399 641 1509 661 omnes
1540 632 1674 662 semitae
1700 632 1808 662 6111511».
1820 643 1839 660 3.
1857 642 1886 660 ιτ,

115 683 280 726 pacificae.
326 682 466 724 Lignum
490 683 575 713 vitae
600 687 648 713 est
672 682 730 721 his,
756 683 809 723 qui
833 681 1110 724 adprehenderint
1127 692 1207 713 eam.
1234 687 1266 712 et
1283 682 1336 723 qui
1361 683 1500 712 tenuerit
1525 693 1607 719 eam,
1633 681 1769 713 beatus'.

221 734 262 776 (c.
283 734 336 775 14)
360 733 532 765 Humanae
550 744 626 764 vero
645 734 771 765 animae
788 734 991 775 pulchritudo
1009 739 1060 765 est
1079 738 1110 764 et
1127 733 1226 764 decus
1245 734 1425 775 sapientiae
1445 733 1597 764 studium.
1625 744 1688 764 non
1706 734 1769 764 illa.

116 796 198 828 quae
223 786 254 816 in
279 786 416 817 terrenis
441 785 524 816 solet
548 785 716 826 occupari⁰
742 786 895 827 negotiis.
927 785 981 816 sed
1006 785 1060 816 illa
1085 786 1208 826 magis.
1239 797 1299 827 qua
1325 786 1413 816 Deus
1440 786 1555 816 colitur
1580 790 1611 817 et
1636 792 1769 816 amatur.

116 837 176 869 Cui
200 841 232 868 te
264 838 365 879 ipsam
397 837 544 872 studeas.
574 838 664 879 virgo
696 837 925 868 nobilissimav.
958 842 1026 868 tota
1056 837 1174 867 mentis
1200 838 1380 868 intentione
1406 838 1606 879 mancipare:
1641 839 1715 879 quia
1740 839 1770 868 in

115 889 175 920 hac
200 894 249 920 est
274 890 339 920 vita
363 889 447 920 omni
472 889 704 930 tranquillitate
729 889 932 920 beatissima:
960 890 990 919 in
1016 889 1074 919 hac
1101 893 1150 920 est
1175 889 1261 920 illius
1285 900 1430 921 summae
1448 889 1639 920 Trinitatisq
1664 891 1770 931 imago

116 941 256 973 feliciter
278 941 436 983 perfecta.
475 941 539 971 Hic
565 948 614 971 est
638 941 829 972 thesaurusr
853 940 1090 972 desiderabilis.
1117 941 1170 982 qui
1197 942 1373 982 requiescit
1397 943 1429 972 in
1454 953 1508 972 ore
1533 942 1711 983 prudentis,
1737 949 1768 972 et

119 993 278 1024 abundat⁸
302 994 334 1024 in
363 993 460 1024 corde
490 994 655 1035 sapientis.
702 993 794 1024 Haec
826 994 858 1024 in
876 993 1076 1035 virgiliacist
1100 1003 1163 1023 non
1196 994 1382 1024 invenietur
1414 993 1592 1024 mendaciis
1606 995 1625 1025 ².
1658 993 1713 1024 sed
1738 994 1768 1024 in

118 1046 307 1087 evangelica
330 1045 506 1076 affluenter
530 1045 736 1086 repperietur
760 1046 908 1076 veritate.
955 1045 1005 1076 De
1033 1055 1109 1076 vera
1133 1045 1257 1076 scilicet
1290 1046 1451 1086 sapientia
1477 1045 1610 1075 dicitur:
1644 1045 1769 1076 *Omnis
1780 1049 1847 1069 Ecvh·
1863 1053 1878 1069 1-
1895 1053 1912 1069 1<

118 1098 279 1140 sapientia
308 1109 327 1128 a
356 1097 484 1128 domino
516 1096 587 1127 Deo
619 1095 690 1127 est'.
757 1096 919 1138 Quicquid
956 1097 1040 1127 enim
1072 1100 1160 1128 recte
1194 1107 1252 1138 per
1285 1098 1477 1139 sapientiam
1508 1098 1709 1138 intellegitur
1739 1102 1770 1128 et

117 1153 253 1188 amatur.
279 1149 340 1180 Dei
365 1149 483 1180 donum
508 1152 566 1180 est.
607 1148 748 1179 Proinde
776 1148 890 1179 omnis.
917 1148 970 1189 qui
996 1147 1174 1179 seeundum
1191 1148 1297 1179 Deum
1323 1149 1455 1190 sapiens
1481 1154 1539 1180 est.
1568 1149 1684 1180 beatus
1709 1153 1769 1180 est.

117 1201 213 1234 Unde
236 1202 269 1233 in
293 1201 350 1233 Iob
375 1201 506 1233 dicitur:
532 1200 712 1243 ‘Sapientia
738 1201 877 1232 hominis
903 1205 974 1231 estu
999 1200 1116 1242 pietas.
1141 1200 1296 1232 recedere
1321 1206 1430 1232 autem
1448 1212 1465 1232 a
1483 1202 1588 1232 malov
1607 1200 1860 1233 scientia⁷zlob28-
1877 1209 1908 1228 28-

118 1265 182 1286 uno
206 1264 284 1286 vero
316 1254 445 1285 nomine
474 1253 621 1296 pietatis.
654 1253 777 1284 cultum
811 1253 908 1284 totius
940 1252 1068 1284 divinae
1100 1253 1292 1294 religionisw
1316 1253 1487 1295 designare
1514 1254 1635 1285 volens.
1684 1253 1770 1289 Quid

117 1307 246 1338 beatius
271 1311 321 1338 est
352 1306 494 1344 animae.
525 1316 620 1347 quam
653 1315 812 1336 summum
842 1305 1001 1347 diligere¹
1025 1305 1160 1342 bonum.
1193 1305 1278 1346 quod
1303 1305 1393 1337 Deus
1419 1308 1492 1337 est'?
1523 1305 1608 1342 Quid
1632 1306 1769 1337 felicius.

119 1369 215 1401 quam
248 1369 282 1390 se
313 1357 445 1400 dignam
474 1362 609 1389 aeterna
637 1368 812 1400 preparare
844 1357 1077 1395 beatitudine&
1107 1357 1182 1388 dum
1214 1358 1419 1388 inmortalem
1444 1369 1478 1388 se
1504 1369 1577 1389 esse
1603 1358 1769 1389 verissime
1803 1349 1805 1351 ¹

117 1411 230 1442 novit?
262 1410 331 1442 Nec
349 1411 502 1442 aestimes
527 1410 586 1441 tibi
612 1414 736 1441 tantum
755 1409 915 1448 sufficere,
940 1419 1037 1440 nosse
1055 1409 1152 1451 quidz
1169 1410 1280 1440 facere
1304 1409 1435 1448 debeas.
1461 1410 1523 1440 nisi
1549 1410 1646 1441 etiam
1673 1420 1770 1452 opere

117 1462 254 1504 impleas
278 1456 361 1505 quae
386 1463 481 1494 nosti.
528 1461 632 1498 Quam
656 1462 788 1503 plurimi
813 1473 847 1493 se
873 1463 1039 1503 sapientes
1065 1462 1251 1494 aestimant.
1275 1466 1307 1492 et
1332 1462 1417 1493 viam
1441 1473 1475 1493 se
1503 1463 1648 1493 veritatis
1673 1472 1770 1493 nosse

118 1515 308 1558 gloriantur7
333 1514 390 1547 sed
414 1525 620 1557 nequaquam
644 1525 720 1546 vere
746 1519 820 1546 sunt
846 1515 1022 1557 sapientes⁷
1047 1515 1101 1556 qui
1125 1524 1188 1545 non
1214 1514 1336 1545 habent
1361 1513 1584 1545 fortitudinem
1609 1514 1706 1545 animi
1731 1514 1771 1545 ad

116 1567 370 1610 perficiendum⁸
394 1577 493 1609 opere
523 1566 606 1609 quod
637 1567 778 1609 sapiunt.
826 1566 914 1608 Ergo
939 1577 1017 1598 vera
1049 1570 1099 1597 est
1128 1566 1303 1608 sapientia.
1336 1576 1431 1597 nosse
1461 1576 1544 1607 quae
1570 1566 1706 1599 debeas.
1740 1569 1772 1596 et

117 1624 195 1651 nota
217 1619 384 1662 perficere.
430 1619 569 1650 Proinde
594 1620 739 1650 nullamb
765 1622 918 1660 quattuor
941 1619 1069 1650 animae
1088 1619 1253 1655 virtutum.
1278 1618 1318 1649 de
1344 1618 1461 1660 quibus
1481 1629 1578 1660 supra
1595 1618 1736 1649 diximus
1746 1617 1769 1650 ².

118 1671 262 1714 perfecte
287 1671 386 1703 habet
411 1671 534 1707 anima.
569 1672 594 1702 si
619 1674 703 1702 totas
728 1682 792 1702 non
822 1671 937 1702 habet.
970 1671 1045 1712 quia
1068 1670 1148 1701 haec
1174 1670 1281 1700 omnia
1306 1670 1346 1701 ad
1371 1680 1470 1700 unum
1496 1670 1639 1701 caritatis
1665 1671 1771 1701 interi>

119 1724 199 1755 dunt
222 1727 424 1766 preceptum,
451 1734 533 1765 quae
558 1723 628 1754 sola
652 1723 684 1753 in
710 1723 892 1754 catholicae
917 1722 993 1753 fidei
1010 1723 1158 1759 veritate.
1186 1722 1315 1763 dignam
1341 1722 1462 1753 efficiet
1486 1722 1625 1753 animam
1644 1722 1771 1753 habita-

119 1776 261 1807 tionem⁰
286 1774 440 1807 sanctaed
464 1774 646 1806 Trinitatis.
679 1775 718 1805 ad
751 1775 842 1805 cuius
871 1775 1046 1816 imaginem
1071 1774 1254 1805 conditame
1279 1785 1352 1805 esse
1386 1775 1535 1816 superius
1561 1774 1772 1807 ostendimus.

120 1827 159 1858 de
185 1828 276 1858 cuius
295 1827 420 1858 ratione
445 1830 478 1858 et
502 1830 626 1865 natura.
652 1827 735 1858 sicut
751 1827 916 1868 flagitasti,
941 1826 1022 1857 haec
1039 1837 1145 1868 pauca
1163 1826 1442 1868 perstrinximus&
1468 1830 1562 1867 prout
1587 1826 1773 1868 epistolaris

119 1880 272 1921 angustia
296 1879 486 1910 concessit-³.
532 1878 715 1920 Mirumque
745 1878 983 1920 quodammodo
1009 1889 1027 1909 a
1053 1879 1233 1909 scolasticis
1259 1878 1360 1909 videri
1391 1879 1524 1920 poterit.
1558 1878 1716 1920 quomodo
1742 1882 1772 1909 te

119 1932 192 1974 plus
220 1931 298 1962 mihi
330 1932 492 1972 cognitam
528 1941 599 1962 esse
632 1931 950 1973 putare-voluisses.
981 1941 1077 1972 quam
1110 1930 1167 1961 tibi
1198 1930 1269 1972 ipsi.
1329 1930 1423 1961 Unde
1454 1931 1534 1961 vivis
1566 1930 1615 1961 vel
1648 1930 1773 1960 ratione

119 1984 222 2025 viges,
246 1983 308 2014 nisi
331 1983 363 2013 in
388 1983 516 2013 animae
541 1982 766 2013 substantiass'!
791 1982 866 2013 dum
892 1988 923 2014 te
947 1982 1102 2024 perraroh
1127 1983 1228 2013 oculis
1254 1982 1317 2013 vidi
1342 1983 1433 2016 meis.
1458 1993 1516 2024 per
1540 1993 1620 2024 quos
1645 1982 1773 2012 animae

120 2038 270 2065 naturam
303 2038 378 2065 tuae
416 2044 548 2065 cernere
582 2044 646 2064 non
683 2034 796 2075 potuii.
856 2034 1033 2070 Quamvisk
1064 2034 1156 2065 iuxta
1193 2034 1379 2065 60111111111161
1418 2039 1607 2076 preceptum
1643 2033 1773 2064 Domini

121 2086 270 2128 diligam,
309 2096 435 2117 necnon
465 2096 523 2128 pro
557 2085 678 2128 optima
712 2090 838 2116 tuorum
867 2086 955 2117 fama
986 2086 1181 2124 studiorum.
1213 2097 1296 2128 quae
1326 2087 1397 2117 aliis
1429 2086 1637 2117 narrantibus
1669 2085 1708 2116 de
1741 2090 1773 2116 te

121 2138 250 2180 saepius
268 2137 386 2171 audivi,
411 2138 442 2168 in
460 2137 576 2178 quibus
601 2137 698 2168 veIIm
723 2142 755 2168 te
781 2148 911 2180 semper
934 2138 1104 2180 proficere.
1130 2142 1163 2169 e't
1179 2138 1250 2169 Deo
1274 2139 1415 2180 placere.
1441 2142 1475 2169 ut
1499 2138 1597 2179 digna
1622 2137 1773 2168 efficiaris

121 2190 248 2221 animae
272 2190 428 2220 rationem
455 2192 487 2220 et
511 2193 658 2220 naturam
683 2200 790 2227 nosse.
816 2193 849 2221 et
872 2189 956 2231 quod
980 2200 1063 2221 nunc
1089 2190 1150 2220 inrn
1177 2190 1340 2232 enigmate
1367 2189 1471 2220 vides.
1499 2190 1641 2231 perfecta
1668 2189 1773 2219 scien-
1785 2197 1987 2219 c1,1.c0r.13.1·2.

121 2242 165 2272 tia
189 2242 220 2272 in
244 2241 352 2272 futura
377 2241 556 2282 perspicias
583 2241 819 2272 beatitudinen.

226 2353 250 2387 Β)
264 2359 361 2387 queant
372 2353 409 2383 IL·
428 2358 540 2386 quaeant
556 2353 588 2382 V,·
601 2358 699 2386 queunt
712 2353 745 2384 E,
759 2353 794 2382 S.-
813 2358 927 2385 quaeunt
941 2353 973 2384 A,
992 2353 1017 2377 T.
1085 2353 1109 2385 b)
1122 2362 1169 2378 om.
1184 2354 1217 2384 A,
1236 2353 1261 2377 T.
1330 2356 1351 2380 011
1371 2354 1547 2378 confitentium
1560 2354 1591 2378 lt.
1663 2352 1687 2383 d)
1708 2362 1774 2377 corr.

120 2397 148 2421 in
166 2396 275 2422 liberare
291 2396 324 2426 V,·
342 2397 446 2422 liw‘erari
467 2397 497 2421 R.
569 2396 592 2428 e)
612 2401 720 2429 possunt
739 2396 770 2427 E,
790 2396 826 2425 R;
851 2405 918 2421 corr.
932 2397 957 2420 in
978 2397 1057 2429 possit
1074 2396 1101 2421 1⁷.
1173 2395 1193 2421 s>
1213 2404 1290 2427 carue
1312 2397 1342 2420 le.
1413 2398 1438 2429 8)
1458 2398 1551 2422 fluerat
1569 2406 1635 2422 corr.
1650 2397 1675 2420 in
1695 2397 1773 2420 fluxe-

121 2444 160 2464 rat
175 2439 203 2465 V.
275 2439 300 2472 h)
319 2441 445 2473 praetium
464 2439 496 2471 R,
521 2440 547 2464 T.
617 2439 636 2470 i)
656 2440 779 2464 effusione
799 2439 830 2464 Ii.
902 2438 925 2470 k)
947 2440 1066 2472 paradysi
1092 2441 1202 2464 custoria
1225 2440 1252 2463 Ιί.
1325 2438 1342 2464 ῘἎ
1363 2448 1482 2464 secui-sus
1505 2449 1571 2464 corr.
1590 2449 1664 2464 secus
1687 2440 1774 2464 ‹lecur-

121 2492 166 2509 sus
190 2483 218 2508 V.
287 2485 321 2515 ιιἱ)
339 2485 461 2509 Salamon
479 2492 545 2508 corr.
570 2484 663 2508 ·lomou
688 2483 715 2507 V.
785 2487 811 2511 Β)
831 2484 991 2516 prudentiam
1016 2483 1041 2507 T
1115 2488 1139 2514 0)
1159 2492 1285 2515 occupare
1312 2483 1345 2513 A,
1363 2483 1390 2512 S,
1409 2483 1440 2507 Ja',
1513 2488 1536 2505 1¹*
1561 2483 1720 2507 um‘ilissima
1743 2482 1774 2506 R.

123 2527 148 2559 q)
160 2528 273 2552 trinitate
291 2527 317 2552 T.
378 2528 400 2559 ¹')
419 2528 570 2553 thessaurus
583 2527 615 2552 E.
674 2528 695 2559 ⁸)
709 2528 841 2552 habundat
861 2527 886 2551 V.
947 2528 965 2558 t)
980 2528 1129 2560 Vergiliacis
1143 2527 1176 2556 A,
1196 2526 1227 2556 lt,
1247 2527 1274 2551 S.
1330 2527 1353 2556 ¹¹)
1375 2527 1455 2559 pietas
1474 2532 1511 2551 est
1532 2526 1558 2550 V.
1623 2526 1647 2557 VJ»
1667 2527 1733 2550 molo
1747 2525 1775 2550 S.

122 2570 154 2603 W)
173 2571 308 2604 relegionis
325 2571 351 2596 V.
432 2572 457 2601 Χ)
477 2571 593 2603 delegere
612 2571 639 2595 V.
718 2570 742 2602 ἵ)
762 2571 915 2595 beatitudini
935 2571 967 2601 A,
993 2570 1018 2594 T.
1104 2574 1124 2600 Z)
1144 2570 1211 2602 quod
1233 2569 1262 2593 [ί.
1343 2574 1365 2599 fl)
1387 2570 1530 2594 faciendum
1556 2579 1624 2594 corr.
1643 2570 1729 2602 perfic.
1748 2569 1775 2594 T.

123 2613 148 2646 ¹')
167 2614 267 2639 nullum
287 2614 319 2639 E.
391 2615 413 2645 ⁰)
433 2615 590 2639 habitatione
611 2613 638 2643 V,
657 2613 688 2637 [ι’.
765 2611 790 2644 d)
810 2619 898 2638 sancta
917 2613 947 2637 R.
1028 2614 1049 2644 ⁰]
1070 2614 1172 2637 condita
1196 2612 1223 2637 T.
1302 2612 1320 2643 Γ)
1339 2613 1549 2645 perstrinexinius
1568 2613 1599 2637 B.
1672 2613 1697 2645 Β)
1717 2613 1776 2637 sub-

121 2658 231 2682 stantiae
248 2657 274 2682 T.
347 2656 371 2687 ¹¹)
391 2665 492 2689 peri-are
513 2657 539 2682 T.
606 2656 622 2683 ἰ)
643 2657 725 2689 potuit
742 2657 770 2681 R⁴
837 2655 863 2689 k)
883 2665 961 2689 quam
980 2657 1024 2681 vix
1040 2656 1068 2680 [ἰ.
1137 2655 1155 2679 ¹)
1175 2664 1335 2680 communem
1355 2656 1380 2680 T.
1448 2656 1480 2687 ¹¹¹)
1500 2657 1571 2681 vides
1591 2657 1615 2680 iu
1636 2657 1729 2688 cnigrnr
1744 2656 1775 2680 H.

122 2702 149 2733 ¹¹)
167 2701 351 2726 beatitudinem
373 2700 402 2725 li.

227 2762 251 2793 1)
272 2760 313 2792 Cf.
331 2759 419 2786 Vitam
432 2760 545 2786 Alcnini
563 2768 582 2785 c.
598 2764 640 2785 19:
662 2759 830 2793 virgiliique
849 2758 1005 2785 mendacia.
1029 2766 1112 2791 supra
1134 2762 1206 2791 1139
1225 2763 1287 2784 n.-1.
1377 2760 1403 2790 2)
1423 2766 1443 2783 c.
1459 2760 1487 2783 3:
1506 2757 1654 2790 prudentia
1674 2758 1776 2783 iustitia

123 2804 298 2838 temperantia
319 2803 455 2836 fortitudo.
561 2804 586 2830 3)
612 2803 652 2835 Cf.
671 2811 692 2829 C.
706 2807 722 2829 4
741 2802 966 2835 (Frob.]1.147):
991 2802 1024 2827 de
1049 2802 1150 2835 quibus
1171 2801 1197 2827 in
1224 2801 1305 2827 huius
1325 2801 1461 2835 epistolae
1480 2801 1612 2834 angustia
1632 2801 1776 2835 disputare

124 2847 238 2881 longum
258 2849 308 2873 est.

1521 2881 1569 2905 450*
