2089 3171
63 770 87 790 10

62 1030 86 1049 15

62 1288 88 1307 20

62 1546 87 1566 25

64 2137 88 2157 35

63 2597 88 2616 45

65 2812 90 2831 50

750 167 900 194 ALCVINI
920 167 1127 194 EPISTOLAE.
1166 168 1223 194 101.
1705 171 1762 200 147

152 300 470 326 EXCELLENTISSIMO
484 299 564 323 VIRO
583 299 752 329 NOBlsQ1TE
771 299 1103 323 DESIDERANTISSIMO
1122 298 1234 323 OFFAN
1254 299 1334 323 REGI
1354 298 1558 323 MERCIORUM
1578 299 1722 323 HUMILIS
1800 296 1861 326 796

672 342 799 366 AMICUS
818 342 1015 366 ALCHVINEa
1034 341 1203 366 SALUTEM.
1777 339 1889 364 postApr.
1902 340 1932 358 18.

219 395 308 425 Sciat
331 393 515 424 veneranda
540 393 670 423 dilectio
696 397 815 424 vestra.
840 393 925 434 quod
950 392 1100 423 dominus
1126 404 1184 423 rex
1203 392 1338 423 Carolus
1364 393 1546 423 amabiliter
1570 396 1602 423 et
1626 392 1768 423 fideliter

114 457 191 489 sepe
216 457 344 478 mecum
368 446 496 476 locutus
520 449 570 475 est
594 444 654 475 deb
680 445 787 481 vobis:
813 448 845 475 et
869 446 900 475 in
925 456 962 475 eo
987 445 1116 483 omnino
1144 445 1291 475 habetisn
1316 444 1541 475 fidelissimum
1567 445 1715 475 amicum.

217 498 295 529 Ideo
320 498 444 537 legatos
470 496 606 527 Romam
632 496 740 537 dirigit
764 497 803 528 ad
829 496 985 527 iudicium
1010 496 1119 527 domni
1143 497 1337 538 apostolici¹
1367 500 1398 527 et
1423 495 1640 527 Aedilhardid
1665 495 1769 526 archi-

113 549 289 592 episcopi2.
335 549 452 579 Vestre
477 558 605 589 quoque
631 547 796 579 dilectioni
831 548 928 588 digna
953 547 1063 588 dirigit
1087 558 1232 579 munera.
1278 547 1387 578 Etiam
1420 552 1451 577 et
1482 558 1539 588 per
1563 547 1768 589 episcopales

112 601 207 634 sedes
236 602 267 632 in
297 600 509 631 elemosinam
545 600 594 630 sui
627 603 659 630 et
690 599 798 630 domni
832 599 1002 641 apostolici
1035 599 1284 630 benedictiones
1315 600 1524 629 transmittit.
1560 604 1595 630 ut
1630 599 1768 630 iubeatis-

112 654 277 685 orationes
301 653 371 684 fieri
395 662 452 693 pro
477 651 550 682 illis.
586 651 654 682 Vos
680 662 756 682 vero
780 652 877 682 facite
903 651 1083 682 secundum
1108 651 1205 682 fidem
1230 656 1383 689 vestram.
1410 662 1506 692 quam
1534 662 1665 693 semper
1682 651 1769 682 soliti

113 706 190 737 estis
214 705 323 736 facere
349 703 388 735 de
413 703 524 734 amicis
549 703 665 733 vestris
676 703 699 734 ³.

219 756 375 788 Similiter
399 759 431 786 et
455 754 651 785 Aedilredoe
681 755 773 796 regi⁴
804 758 836 786 et
859 754 899 785 ad
932 765 1007 785 suas
1038 753 1258 796 episcopaless
1280 754 1374 784 sedes
1406 754 1492 785 dona
1516 754 1645 786 direxit.
1692 754 1768 791 Sed,

112 810 177 841 heu
199 819 257 851 pro
282 808 386 845 dolor,
418 807 509 838 donis
534 807 616 837 datis
642 810 674 838 et
699 807 846 848 epistolis
871 807 903 837 in
929 816 1043 836 manus
1067 807 1272 844 missorum&
1306 807 1497 848 supervenit
1521 806 1623 837 tristis
1648 807 1768 847 legatio

112 872 171 903 per
194 861 317 897 missos,
343 860 397 901 qui
421 858 460 889 de
487 858 595 890 Scotia
621 870 680 900 per
703 870 760 890 vos
785 859 908 890 reversi
932 859 1035 889 sunt⁵.
1066 858 1105 889 de
1130 858 1323 889 infidelitate
1347 859 1456 899 gentis
1483 862 1515 889 et
1539 858 1640 889 neceh
1667 859 1736 889 eius
1747 859 1769 890 ὅ.

113 913 188 951 Qui,
213 915 353 943 retracta
377 910 534 942 donorum
557 911 717 951 largitate.
743 911 775 941 in
800 914 925 941 tanturn
950 911 1052 941 iratus
1078 913 1126 941 est
1151 914 1263 941 contra
1290 915 1421 951 gentem
1449 928 1486 932 -
1513 913 1547 940 ut
1571 910 1643 940 aiti:
1670 911 1768 941 ‘illam

112 963 270 1007 perfidam
300 967 332 994 et
366 973 551 1004 perversam
589 966 620 993 et
656 962 849 993 homicidam
885 962 1089 993 dominorum
1127 961 1279 994 suoruns.
1316 962 1462 1004 peiorem
1499 961 1593 993 eamk
1633 963 1769 1004 paganis

114 1017 269 1048 estimans
294 1034 335 1037 ——
358 1018 394 1046 ut
417 1015 564 1053 omnino,
589 1015 650 1045 nisi
676 1025 735 1056 ego
760 1015 956 1046 intercessor
980 1014 1101 1045 essem¹
1131 1025 1188 1055 pro
1221 1019 1296 1050 eam,
1330 1014 1481 1056 quicquid
1513 1015 1559 1045 eis
1590 1014 1663 1045 boni
1693 1015 1769 1045 abs-

112 1068 243 1099 trahere
267 1067 429 1109 potuisset
454 1069 486 1097 et
509 1066 586 1097 mali
609 1066 807 1103 machinare7
832 1067 896 1096 iam
921 1066 1065 1097 fecisset.

216 1118 287 1160 Ego
326 1128 403 1149 vero
433 1121 564 1159 paratus
593 1123 705 1148 eramn
735 1128 807 1148 cum
837 1118 1025 1148 muneribus
1057 1117 1161 1148 redire
1191 1117 1231 1148 ad
1265 1128 1320 1148 vos
1353 1121 1385 1147 et-
1418 1118 1580 1159 patriam*
1616 1118 1737 1149 reverti
1749 1118 1771 1149 Β.

115 1170 181 1202 Sed
210 1171 327 1201 melius
351 1170 456 1200 visum
486 1172 535 1200 est
562 1169 639 1200 mihi
674 1173 807 1211 propter
830 1180 944 1211 pacem
969 1170 1076 1210 gentis
1101 1180 1195 1200 meae
1220 1170 1251 1200 in
1276 1170 1538 1211 peregrinatione
1563 1180 1771 1212 permanere:

113 1223 275 1262 nesciens,
300 1221 375 1264 quid
400 1221 552 1253 fecissem
578 1222 663 1252 inter
687 1232 752 1255 eos.
778 1222 862 1252 inter
886 1232 966 1262 quos
990 1222 1098 1252 nullus
1124 1232 1259 1252 securus
1283 1222 1334 1252 vel
1360 1221 1392 1252 in
1417 1222 1525 1263 aliquo
1555 1222 1676 1253 salubri
1695 1233 1771 1253 con-

115 1275 187 1307 silio
211 1274 369 1316 proficere
393 1277 512 1316 potest.
552 1273 639 1304 Ecce
664 1274 735 1304 loca
753 1274 955 1304 sanctissima
975 1284 992 1304 a
1009 1274 1145 1315 paganis
1163 1277 1304 1310 vastata.
1330 1274 1446 1304 altaria
1462 1274 1612 1315 periuriis
1631 1274 1772 1312 foedata,

113 1327 312 1357 monasteria
339 1325 507 1357 adulteriis
531 1326 651 1356 violata
663 1326 682 1359 ⁹,
708 1330 795 1356 terra
821 1326 977 1366 sanguine
1003 1325 1205 1356 dominorum
1237 1329 1269 1356 et
1301 1326 1484 1367 principum
1509 1326 1640 1357 infecta.
1688 1326 1772 1362 Quid

113 1377 201 1410 aliud
235 1378 367 1415 faciam,
403 1378 464 1408 nisi
500 1388 572 1408 cum
608 1377 767 1419 propheta
802 1378 1038 1418 ingemescam:
1075 1377 1135 1408 'Ve
1171 1377 1261 1418 genti
1297 1378 1486 1419 peccatrici.
1523 1379 1642 1419 populo
1680 1378 1903 1419 g1·avi1sai.1‚4.

112 1429 292 1471 iniquitate,
316 1428 391 1459 filiis
417 1428 602 1460 sceleratis:
629 1428 873 1469 dereliquerunt
890 1428 998 1459 Deum
1014 1426 1055 1459 ‘et
1074 1428 1385 1470 blasphemaverunt
1406 1433 1554 1460 sanctum
1575 1430 1771 1461 salvatorem

112 1480 225 1512 mundi
253 1481 285 1511 in
317 1480 496 1511 sceleribus
527 1479 615 1512 suis'.
669 1480 711 1510 Et
734 1481 761 1510 si
786 1480 847 1510 hoc
872 1491 984 1511 verum
1011 1483 1073 1512 est.
1107 1480 1192 1521 quod
1219 1481 1250 1511 in
1275 1484 1384 1512 vestre
1410 1480 1577 1522 dignitatis
1602 1481 1773 1523 legebatur

115 1534 269 1576 epistola,
307 1532 390 1574 quod
424 1543 443 1563 a
473 1533 655 1563 senioribus
684 1533 794 1574 populi
827 1543 961 1573 egressa
992 1536 1079 1564 esset
1112 1532 1280 1574 iniquitas.
1319 1533 1373 1563 ubi
1408 1536 1483 1563 tunc
1516 1533 1602 1564 salus
1634 1536 1666 1564 et
1696 1533 1774 1564 fides

115 1584 277 1627 speranda
300 1586 370 1615 est?
406 1585 432 1614 si
457 1584 530 1614 inde
555 1584 762 1615 turbulentus
788 1584 988 1616 infidelitatis
1013 1589 1141 1616 torrens
1167 1584 1326 1626 profluit0.
1361 1584 1446 1615 unde
1471 1585 1664 1626 purissimus
1690 1586 1773 1617 veri-

113 1637 190 1667 tatis
215 1639 247 1667 et
269 1635 346 1666 fidei
371 1635 444 1666 fons
469 1646 621 1666 emanare
647 1635 822 1667 solebatffl.

217 1687 267 1718 Tu
291 1697 377 1723 vero.
403 1687 643 1728 sapientissime
668 1687 779 1729 populi
803 1687 868 1719 Dei
892 1688 1107 1728 gubernator.
1133 1687 1383 1730 diligentissime
1408 1699 1427 1718 a
1444 1688 1608 1730 perversis
1629 1689 1773 1720 moribus

115 1741 240 1782 corrige
269 1744 400 1781 gentem
430 1744 518 1770 tuam
552 1742 584 1771 et
612 1739 643 1770 in
677 1740 861 1781 praeceptis
885 1739 947 1770 Dei
981 1739 1094 1770 erudil‘
1127 1740 1231 1773 illam.
1267 1751 1307 1771 ne
1337 1742 1472 1782 propter
1494 1743 1630 1781 peccata
1662 1741 1773 1782 populi

116 1793 304 1825 destruatur
330 1792 437 1833 patria
467 1791 561 1822 nobis
592 1802 611 1822 a
634 1791 705 1822 Deo
736 1791 821 1823 data.
868 1791 949 1822 Esto
975 1786 1157 1822 aecclesiae
1183 1791 1303 1823 Christi
1334 1796 1369 1822 ut
1402 1795 1510 1832 pater.
1548 1792 1773 1823 sacerdotibus

114 1845 177 1876 Dei
201 1848 236 1875 ut
259 1844 360 1875 frater
385 1847 417 1875 et
441 1844 527 1874 omni
550 1844 672 1885 populo
697 1844 769 1885 pius
795 1848 827 1875 et
847 1854 982 1885 aequus,
1008 1844 1041 1874 in
1059 1844 1144 1874 omni
1162 1844 1410 1875 conversatione
1437 1847 1469 1874 et
1486 1843 1586 1874 verbo
1605 1844 1772 1875 modestus

115 1900 148 1929 et
169 1896 339 1939 pacificus,
375 1899 406 1927 et
434 1895 467 1926 in
495 1895 592 1926 laude
617 1895 679 1926 Dei
712 1888 842 1938 semper
871 1895 1022 1928 devotus:
1053 1899 1214 1936 quatenus
1247 1895 1355 1926 divina
1379 1895 1554 1926 clementia
1578 1896 1610 1926 in
1635 1896 1773 1937 longeva

113 1952 146 1980 te
172 1948 333 1979 custodiat
355 1947 573 1989 prosperitate
598 1949 631 1978 et
654 1958 790 1988 regnum
814 1951 919 1985 tuum,
944 1948 1042 1978 immo
1066 1947 1248 1988 Anglorum
1273 1947 1430 1986 omnium,
1460 1951 1616 1989 perpetue
1641 1948 1772 1990 pietatis

115 2000 294 2032 benefactis
318 2004 380 2030 exq
404 2009 482 2030 suae
500 1999 654 2030 bonitatis
672 1999 777 2040 gratia
802 1999 959 2030 exaltare.
985 1999 1134 2030 dilatare.
1159 2005 1191 2030 et
1217 2009 1371 2029 coronare
1389 1998 1540 2040 dignetur
1565 1999 1597 2029 in
1615 2002 1772 2030 eternum.

220 2130 243 2162 Β)
263 2130 408 2155 Alchuinus
426 2129 504 2154 A1*.
589 2128 614 2161 b)
634 2130 664 2154 de
683 2138 731 2154 om.
751 2130 775 2154 A
787 2133 808 2160 1,
827 2130 852 2154 A
864 2130 905 2155 1*.
988 2130 1010 2160 ρ)
1029 2130 1110 2155 habes
1129 2130 1153 2154 A
1167 2129 1205 2154 1*.
1290 2128 1313 2161 ¹¹]
1334 2130 1485 2154 Aedclhardi
1506 2129 1561 2154 Al.
1645 2129 1668 2160 e)
1689 2129 1773 2154 Aedil-

114 2175 192 2200 raedo
211 2173 286 2199 A1*.
367 2172 387 2203 f)
407 2173 461 2205 epis
480 2173 504 2196 A
517 2176 537 2198 1.
614 2174 638 2203 Β)
658 2174 796 2198 missurum
816 2173 840 2197 A
853 2176 873 2198 1.
945 2172 970 2204 h)
991 2174 1048 2198 neci
1066 2173 1090 2197 A
1102 2177 1122 2198 1.
1195 2172 1213 2200 i,
1233 2174 1300 2197 dicat
1321 2173 1342 2197 A
1356 2172 1398 2198 1*.
1469 2171 1496 2203 k)
1515 2173 1614 2205 peiores
1633 2181 1675 2197 eos
1695 2172 1719 2196 A
1731 2172 1772 2197 1*.

114 2216 133 2249 l)
152 2221 220 2243 esset
238 2217 263 2241 Α.
276 2220 295 2241 1.
371 2216 404 2247 ¹¹²)
423 2216 460 2240 eis
479 2216 556 2240 Al&
633 2220 658 2247 Β)
679 2226 726 2240 οηι.
747 2216 812 2245 A1;
831 2225 888 2241 sum
908 2216 984 2241 AF‘.
1065 2216 1088 2247 0)
1108 2226 1200 2241 manus
1214 2217 1344 2248 posterior
1363 2224 1430 2240 corr.
1450 2216 1476 2240 in
1497 2217 1618 2248 profluxit
1637 2216 1661 2240 A
1673 2219 1698 2246 1;
1717 2223 1772 2248 pro-

115 2261 191 2286 fluxit
209 2259 285 2285 A1*.
356 2260 381 2290 P)
401 2260 500 2284 erudire
519 2268 612 2284 manus
626 2260 755 2291 posterior
774 2269 840 2285 corr.
860 2260 885 2284 in
904 2261 1003 2284 erudito
1023 2260 1047 2284 A
1059 2263 1087 2291 1;
1106 2261 1204 2285 erudito
1224 2260 1298 2284 ,41⁹5
1371 2260 1395 2290 (1)
1415 2264 1439 2283 et
1459 2260 1481 2283 A
1494 2259 1535 2284 1*.

115 2328 190 2355 Amz.
204 2327 369 2353 Nordhztmb.
382 2330 430 2353 ‘795
451 2327 511 2359 (SS.
527 2327 614 2360 XHI,
634 2332 702 2360 155ss
722 2327 794 2353 idem
814 2336 861 2353 rex
880 2327 1046 2353 fortissimus
1061 2327 1178 2353 Kal-olus
1193 2336 1254 2353 cum
1274 2336 1358 2353 manu
1374 2327 1465 2352 valida
1482 2327 1645 2353 Hunnorum
1660 2328 1772 2361 gentem

117 2371 201 2398 armis
220 2371 355 2397 vastando
384 2371 540 2404 subegerat,
561 2379 654 2396 eorum
675 2371 800 2405 principe
825 2371 923 2405 fugato
948 2373 974 2397 et
997 2371 1085 2405 ipsius
1109 2371 1232 2397 exercitu
1252 2373 1382 2404 superato
1403 2370 1447 2396 vel
1466 2372 1624 2404 perempto,
1655 2370 1772 2396 sublatis

116 2414 181 2441 inde
199 2414 250 2440 XV
275 2414 407 2448 plaustris
432 2422 499 2440 auro
523 2416 695 2448 argentoque
722 2414 872 2448 palliisque
897 2414 1038 2440 olosericis
1062 2414 1190 2448 pretiosis
1216 2414 1330 2448 repletis
1355 2422 1470 2447 quorum
1497 2413 1626 2447 quodque
1653 2415 1773 2447 quatuor

115 2457 265 2485 trahebant
288 2457 381 2483 boves.
418 2457 494 2488 Quae
520 2457 613 2483 omnia
637 2457 708 2483 idem
735 2466 782 2484 rex
802 2460 916 2492 propter
936 2458 1081 2484 victoriam
1101 2467 1126 2491 τι,
1138 2458 1254 2484 Domino
1275 2458 1327 2483 sibi
1348 2466 1505 2483 concessam
1525 2457 1626 2483 Clu-isti
1648 2457 1772 2483 ccelesiis

115 2502 201 2535 atque
219 2500 390 2535 pauperibus
409 2500 533 2526 dividere
553 2502 703 2535 praecepit,
723 2503 817 2535 grates
836 2501 893 2527 Deo
913 2501 1034 2527 referens
1053 2510 1115 2527 cum
1135 2501 1263 2527 omnibus
1283 2510 1373 2527 seeum
1394 2500 1596 2534 pugnantibus.

219 2545 246 2577 1)
259 2543 359 2569 Leonis
380 2543 432 2569 ΠΙ.
539 2544 565 2575 2)
582 2544 794 2570 Cantmrriensis.
899 2545 926 2573 3¹»
948 2544 977 2570 V.
997 2553 1034 2577 ep.
1055 2549 1105 2570 100
1124 2553 1209 2577 supra
1224 2553 1252 2577 p.
1268 2548 1320 2570 146.
1426 2544 1452 2575 4)
1464 2543 1772 2570 Nor-clmulianam-orum.

115 2588 143 2620 5)
161 2587 297 2620 epi-stolam
318 2586 394 2618 Offae
421 2587 487 2620 reyis
510 2587 659 2618 asserentes:
686 2596 706 2613 r.
725 2587 802 2619 infra
827 2588 901 2613 rerba
925 2588 1004 2613 haec:
1032 2588 1066 2613 Et
1093 2588 1115 2613 si
1141 2588 1191 2613 hoc
1216 2596 1309 2613 verum
1334 2590 1386 2617 cst,
1415 2586 1488 2619 quod
1514 2586 1541 2611 in
1568 2588 1657 2612 vestre
1681 2586 1772 2620 digni-

117 2631 184 2657 tatis
211 2630 357 2664 legebatur
385 2630 510 2663 epistola.
627 2632 653 2664 6)
683 2631 841 2663 Interfeclus
867 2634 903 2656 est
927 2630 1095 2656 Aethilrerlus
1120 2639 1165 2657 rar
1190 2630 1488 2656 Not-tha›rhaude-mmm
1516 2628 1540 2655 d.
1568 2631 1690 2663 13111127'.
1718 2634 1771 2656 796.

117 2673 231 2701 Simeon.
255 2673 444 2699 melmensis
471 2673 530 2698 hist.
562 2676 613 2699 796.
637 2674 675 2706 (p.
692 2678 747 2707 50:
782 2674 861 2700 XIIII
886 2674 947 2701 Kal.
974 2675 1052 2706 Maii3
1082 2675 1115 2706 cf.
1139 2674 1312 2707 Lappenbcrgy
1337 2673 1427 2698 (r'escle.
1450 2681 1469 2698 r.
1490 2672 1570 2705 Engyl.
1598 2673 1622 2705 J,
1643 2676 1689 2699 ‘213
1709 2681 1734 2699 n.
1750 2678 1771 2700 1.

116 2717 142 2750 7)
161 2716 446 2743 Northanlzmnbriam.
550 2717 577 2750 8)
598 2716 638 2748 Cf.
658 2722 743 2750 elz-14
761 2725 845 2750 supra
861 2726 890 2751 p.
907 2722 946 2744 90.
1053 2718 1079 2750 9)
1097 2718 1137 2749 Cs'.
1156 2725 1240 2750 supra
1256 2720 1337 2749 1243.
1444 2716 1484 2748 10)
1502 2716 1542 2747 Cf.
1563 2716 1638 2747 insra
1660 2723 1698 2748 ep.
1711 2719 1772 2742 173:

116 2760 164 2786 ubi
183 2761 244 2786 fons
263 2759 416 2793 aequitatis
435 2761 463 2785 et
482 2759 607 2785 iustitiae
626 2760 661 2786 ad
681 2769 774 2786 omnes
794 2769 843 2794 per
855 2761 959 2787 rivulos
978 2760 1138 2786 sanctitatis
1152 2760 1287 2793 profluere
1300 2759 1405 2786 debuit,
1426 2758 1463 2784 ibi
1478 2759 1597 2784 maxime
1611 2758 1772 2792 iniquitatis

118 2803 251 2838 palustris
271 2802 446 2837 profunditas
465 2802 598 2828 exalatur.
1402 2794 1406 2798 ⁵

1517 2850 1563 2875 15³⁸
