<?xml version="1.0" encoding="UTF-8"?>
<!DOCTYPE html PUBLIC "-//W3C//DTD XHTML 1.0 Transitional//EN"
    "http://www.w3.org/TR/xhtml1/DTD/xhtml1-transitional.dtd">
<html xmlns="http://www.w3.org/1999/xhtml" xml:lang="en" lang="en">
 <head>
  <title>
</title>
<meta http-equiv="Content-Type" content="text/html;charset=utf-8" />
  <meta name='ocr-system' content='tesseract 3.04.00' />
  <meta name='ocr-capabilities' content='ocr_page ocr_carea ocr_par ocr_line ocrx_word'/>
</head>
<body>
  <div class='ocr_page' id='page_1' title='image "./monumentagerman04geseuoft_0501.png"; bbox 0 0 2089 3171; ppageno 0'>
   <div class='ocr_carea' id='block_1_1' title="bbox 576 187 1752 222">
    <p class='ocr_par' dir='ltr' id='par_1_1' title="bbox 576 187 1752 222">
     <span class='ocr_line' id='line_1_1' title="bbox 576 187 1752 222; baseline 0.003 -9"><span class='ocrx_word' id='word_1_1' title='bbox 576 187 757 214; x_wconf 81' lang='lat' dir='ltr'>APPENDIX</span> <span class='ocrx_word' id='word_1_2' title='bbox 784 188 832 214; x_wconf 73' lang='lat' dir='ltr'>AD</span> <span class='ocrx_word' id='word_1_3' title='bbox 852 188 1000 214; x_wconf 73' lang='lat' dir='ltr'>ALCVINI</span> <span class='ocrx_word' id='word_1_4' title='bbox 1025 188 1230 215; x_wconf 78' lang='lat' dir='ltr'>EPISTOLAS.</span> <span class='ocrx_word' id='word_1_5' title='bbox 1267 190 1289 215; x_wconf 79' lang='lat'><em>2</em></span> <span class='ocrx_word' id='word_1_6' title='bbox 1692 192 1752 222; x_wconf 78' lang='grc'>487</span> 
     </span>
    </p>
   </div>
   <div class='ocr_carea' id='block_1_2' title="bbox 106 275 1757 474">
    <p class='ocr_par' dir='ltr' id='par_1_2' title="bbox 106 275 1757 474">
     <span class='ocr_line' id='line_1_2' title="bbox 210 275 1757 318; baseline 0.001 -13"><span class='ocrx_word' id='word_1_7' title='bbox 210 275 304 310; x_wconf 68' lang='grc' dir='ltr'>Ώυίῑ</span> <span class='ocrx_word' id='word_1_8' title='bbox 322 275 390 306; x_wconf 84' lang='lat' dir='ltr'>vult</span> <span class='ocrx_word' id='word_1_9' title='bbox 407 286 479 306; x_wconf 91' lang='lat' dir='ltr'>cum</span> <span class='ocrx_word' id='word_1_10' title='bbox 496 275 568 306; x_wconf 91' lang='lat' dir='ltr'>Deo</span> <span class='ocrx_word' id='word_1_11' title='bbox 586 286 713 317; x_wconf 85' lang='lat' dir='ltr'>semper</span> <span class='ocrx_word' id='word_1_12' title='bbox 731 286 813 309; x_wconf 75' lang='lat' dir='ltr'>esse.</span> <span class='ocrx_word' id='word_1_13' title='bbox 836 276 1023 316; x_wconf 85' lang='lat' dir='ltr'>frequenter</span> <span class='ocrx_word' id='word_1_14' title='bbox 1040 275 1136 307; x_wconf 79' lang='lat' dir='ltr'>debet</span> <span class='ocrx_word' id='word_1_15' title='bbox 1154 286 1257 307; x_wconf 80' lang='lat' dir='ltr'>orare.</span> <span class='ocrx_word' id='word_1_16' title='bbox 1276 277 1464 317; x_wconf 84' lang='lat' dir='ltr'>frequenter</span> <span class='ocrx_word' id='word_1_17' title='bbox 1483 282 1514 307; x_wconf 87' lang='lat' dir='ltr'>et</span> <span class='ocrx_word' id='word_1_18' title='bbox 1532 278 1657 318; x_wconf 80' lang='lat' dir='ltr'>legere:</span> <span class='ocrx_word' id='word_1_19' title='bbox 1683 287 1757 307; x_wconf 86' lang='lat' dir='ltr'>nam</span> 
     </span>
     <span class='ocr_line' id='line_1_3' title="bbox 107 327 1757 370; baseline 0.001 -13"><span class='ocrx_word' id='word_1_20' title='bbox 107 337 179 357; x_wconf 91' lang='lat' dir='ltr'>cum</span> <span class='ocrx_word' id='word_1_21' title='bbox 203 336 345 358; x_wconf 77' lang='lat' dir='ltr'>oramus.</span> <span class='ocrx_word' id='word_1_22' title='bbox 378 337 450 358; x_wconf 89' lang='lat' dir='ltr'>cum</span> <span class='ocrx_word' id='word_1_23' title='bbox 476 327 547 358; x_wconf 90' lang='lat' dir='ltr'>Deo</span> <span class='ocrx_word' id='word_1_24' title='bbox 571 327 739 369; x_wconf 88' lang='lat' dir='ltr'>loquimur.</span> <span class='ocrx_word' id='word_1_25' title='bbox 766 338 839 358; x_wconf 87' lang='lat' dir='ltr'>cum</span> <span class='ocrx_word' id='word_1_26' title='bbox 864 338 940 358; x_wconf 82' lang='lat' dir='ltr'>vero</span> <span class='ocrx_word' id='word_1_27' title='bbox 966 328 1119 369; x_wconf 74' lang='lat' dir='ltr'>legimuS.</span> <span class='ocrx_word' id='word_1_28' title='bbox 1152 327 1240 358; x_wconf 83' lang='lat' dir='ltr'>Deus</span> <span class='ocrx_word' id='word_1_29' title='bbox 1265 328 1433 359; x_wconf 87' lang='lat' dir='ltr'>nobiscum</span> <span class='ocrx_word' id='word_1_30' title='bbox 1459 329 1607 370; x_wconf 84' lang='lat' dir='ltr'>loquitur.</span> <span class='ocrx_word' id='word_1_31' title='bbox 1657 331 1757 359; x_wconf 74' lang='lat' dir='ltr'>b&#39;anc-</span> 
     </span>
     <span class='ocr_line' id='line_1_4' title="bbox 107 379 1757 422; baseline 0.002 -13"><span class='ocrx_word' id='word_1_32' title='bbox 107 381 211 409; x_wconf 89' lang='lat' dir='ltr'>tarum</span> <span class='ocrx_word' id='word_1_33' title='bbox 243 379 473 420; x_wconf 88' lang='lat' dir='ltr'>scripturarum</span> <span class='ocrx_word' id='word_1_34' title='bbox 506 379 600 410; x_wconf 86' lang='lat' dir='ltr'>lectio</span> <span class='ocrx_word' id='word_1_35' title='bbox 633 379 739 410; x_wconf 82' lang='lat' dir='ltr'>divina</span> <span class='ocrx_word' id='word_1_36' title='bbox 764 383 813 410; x_wconf 87' lang='lat' dir='ltr'>est</span> <span class='ocrx_word' id='word_1_37' title='bbox 837 379 975 420; x_wconf 85' lang='lat' dir='ltr'>cognitio</span> <span class='ocrx_word' id='word_1_38' title='bbox 1000 379 1219 411; x_wconf 85' lang='lat' dir='ltr'>beatitudinis.</span> <span class='ocrx_word' id='word_1_39' title='bbox 1260 381 1297 412; x_wconf 93' lang='lat' dir='ltr'>In</span> <span class='ocrx_word' id='word_1_40' title='bbox 1322 381 1371 412; x_wconf 79' lang='lat' dir='ltr'>his</span> <span class='ocrx_word' id='word_1_41' title='bbox 1397 381 1482 412; x_wconf 88' lang='lat' dir='ltr'>enim</span> <span class='ocrx_word' id='word_1_42' title='bbox 1507 381 1597 422; x_wconf 81' lang='lat' dir='ltr'>quasi</span> <span class='ocrx_word' id='word_1_43' title='bbox 1622 381 1653 411; x_wconf 87' lang='lat' dir='ltr'>in</span> <span class='ocrx_word' id='word_1_44' title='bbox 1677 391 1757 422; x_wconf 89' lang='lat' dir='ltr'>quo-</span> 
     </span>
     <span class='ocr_line' id='line_1_5' title="bbox 106 429 1757 474; baseline 0.002 -14"><span class='ocrx_word' id='word_1_45' title='bbox 106 429 181 460; x_wconf 85' lang='lat' dir='ltr'>dam</span> <span class='ocrx_word' id='word_1_46' title='bbox 210 430 342 471; x_wconf 83' lang='lat' dir='ltr'>speculo</span> <span class='ocrx_word' id='word_1_47' title='bbox 374 430 468 461; x_wconf 89' lang='lat' dir='ltr'>homo</span> <span class='ocrx_word' id='word_1_48' title='bbox 493 442 528 462; x_wconf 84' lang='lat' dir='ltr'>se</span> <span class='ocrx_word' id='word_1_49' title='bbox 560 431 665 472; x_wconf 86' lang='lat' dir='ltr'>ipsum</span> <span class='ocrx_word' id='word_1_50' title='bbox 689 431 895 462; x_wconf 87' lang='lat' dir='ltr'>considerare</span> <span class='ocrx_word' id='word_1_51' title='bbox 924 435 1046 472; x_wconf 71' lang='lat' dir='ltr'>potest.</span> <span class='ocrx_word' id='word_1_52' title='bbox 1077 432 1180 473; x_wconf 89' lang='lat' dir='ltr'>qualis</span> <span class='ocrx_word' id='word_1_53' title='bbox 1206 433 1259 463; x_wconf 86' lang='lat' dir='ltr'>sit.</span> <span class='ocrx_word' id='word_1_54' title='bbox 1294 433 1343 463; x_wconf 76' lang='lat' dir='ltr'>vel</span> <span class='ocrx_word' id='word_1_55' title='bbox 1377 443 1438 474; x_wconf 92' lang='lat' dir='ltr'>quo</span> <span class='ocrx_word' id='word_1_56' title='bbox 1468 433 1588 464; x_wconf 88' lang='lat' dir='ltr'>tendat.</span> <span class='ocrx_word' id='word_1_57' title='bbox 1644 433 1757 464; x_wconf 81' lang='lat' dir='ltr'>Lectio</span> 
     </span>
    </p>
   </div>
   <div class='ocr_carea' id='block_1_3' title="bbox 67 481 1758 525">
    <p class='ocr_par' dir='ltr' id='par_1_3' title="bbox 67 481 1758 525">
     <span class='ocr_line' id='line_1_6' title="bbox 67 481 1758 525; baseline 0.001 -11"><span class='ocrx_word' id='word_1_58' title='bbox 67 497 77 514; x_wconf 69' lang='lat' dir='ltr'>z·</span> <span class='ocrx_word' id='word_1_59' title='bbox 106 481 235 512; x_wconf 86' lang='lat' dir='ltr'>assidua</span> <span class='ocrx_word' id='word_1_60' title='bbox 264 482 412 523; x_wconf 90' lang='lat' dir='ltr'>purificat</span> <span class='ocrx_word' id='word_1_61' title='bbox 440 483 594 514; x_wconf 82' lang='lat' dir='ltr'>animam.</span> <span class='ocrx_word' id='word_1_62' title='bbox 630 483 777 513; x_wconf 91' lang='lat' dir='ltr'>timorem</span> <span class='ocrx_word' id='word_1_63' title='bbox 807 483 921 513; x_wconf 83' lang='lat' dir='ltr'>incutit</span> <span class='ocrx_word' id='word_1_64' title='bbox 954 483 1119 524; x_wconf 82' lang='lat' dir='ltr'>gehenne.</span> <span class='ocrx_word' id='word_1_65' title='bbox 1152 484 1192 514; x_wconf 87' lang='lat' dir='ltr'>ad</span> <span class='ocrx_word' id='word_1_66' title='bbox 1220 484 1339 525; x_wconf 86' lang='lat' dir='ltr'>gaudia</span> <span class='ocrx_word' id='word_1_67' title='bbox 1370 495 1508 525; x_wconf 84' lang='lat' dir='ltr'>superna</span> <span class='ocrx_word' id='word_1_68' title='bbox 1540 495 1595 515; x_wconf 88' lang='lat' dir='ltr'>cor</span> <span class='ocrx_word' id='word_1_69' title='bbox 1625 485 1758 525; x_wconf 87' lang='lat' dir='ltr'>instigat</span> 
     </span>
    </p>
   </div>
   <div class='ocr_carea' id='block_1_4' title="bbox 56 753 79 771">
    <p class='ocr_par' dir='ltr' id='par_1_4' title="bbox 56 753 79 771">
     <span class='ocr_line' id='line_1_7' title="bbox 56 753 79 771; baseline -0.043 0"><span class='ocrx_word' id='word_1_70' title='bbox 56 753 79 771; x_wconf 86' lang='lat'>10</span> 
     </span>
    </p>
   </div>
   <div class='ocr_carea' id='block_1_5' title="bbox 55 1012 77 1030">
    <p class='ocr_par' dir='ltr' id='par_1_5' title="bbox 55 1012 77 1030">
     <span class='ocr_line' id='line_1_8' title="bbox 55 1012 77 1030; baseline -0.045 0"><span class='ocrx_word' id='word_1_71' title='bbox 55 1012 77 1030; x_wconf 70' lang='lat'>15</span> 
     </span>
    </p>
   </div>
   <div class='ocr_carea' id='block_1_6' title="bbox 56 1274 81 1293">
    <p class='ocr_par' dir='ltr' id='par_1_6' title="bbox 56 1274 81 1293">
     <span class='ocr_line' id='line_1_9' title="bbox 56 1274 81 1293; baseline 0 0"><span class='ocrx_word' id='word_1_72' title='bbox 56 1274 81 1293; x_wconf 76' lang='lat'>20</span> 
     </span>
    </p>
   </div>
   <div class='ocr_carea' id='block_1_7' title="bbox 53 1533 78 1552">
    <p class='ocr_par' dir='ltr' id='par_1_7' title="bbox 53 1533 78 1552">
     <span class='ocr_line' id='line_1_10' title="bbox 53 1533 78 1552; baseline 0 0"><span class='ocrx_word' id='word_1_73' title='bbox 53 1533 78 1552; x_wconf 72' lang='lat'>2⁵</span> 
     </span>
    </p>
   </div>
   <div class='ocr_carea' id='block_1_8' title="bbox 53 2054 78 2073">
    <p class='ocr_par' dir='ltr' id='par_1_8' title="bbox 53 2054 78 2073">
     <span class='ocr_line' id='line_1_11' title="bbox 53 2054 78 2073; baseline 0 0"><span class='ocrx_word' id='word_1_74' title='bbox 53 2054 78 2073; x_wconf 70' lang='lat'>³⁵</span> 
     </span>
    </p>
   </div>
   <div class='ocr_carea' id='block_1_9' title="bbox 54 2320 79 2338">
    <p class='ocr_par' dir='ltr' id='par_1_9' title="bbox 54 2320 79 2338">
     <span class='ocr_line' id='line_1_12' title="bbox 54 2320 79 2338; baseline 0 0"><span class='ocrx_word' id='word_1_75' title='bbox 54 2320 79 2338; x_wconf 78' lang='lat'>⁴0</span> 
     </span>
    </p>
   </div>
   <div class='ocr_carea' id='block_1_10' title="bbox 54 2580 79 2599">
    <p class='ocr_par' dir='ltr' id='par_1_10' title="bbox 54 2580 79 2599">
     <span class='ocr_line' id='line_1_13' title="bbox 54 2580 79 2599; baseline 0.04 -1"><span class='ocrx_word' id='word_1_76' title='bbox 54 2580 79 2599; x_wconf 71' lang='lat'>45</span> 
     </span>
    </p>
   </div>
   <div class='ocr_carea' id='block_1_11' title="bbox 103 533 1763 2650">
    <p class='ocr_par' dir='ltr' id='par_1_11' title="bbox 103 533 1762 1304">
     <span class='ocr_line' id='line_1_14' title="bbox 106 533 1757 577; baseline 0.002 -14"><span class='ocrx_word' id='word_1_77' title='bbox 106 533 258 574; x_wconf 83' lang='lat' dir='ltr'>legentis:</span> <span class='ocrx_word' id='word_1_78' title='bbox 294 533 385 564; x_wconf 88' lang='lat' dir='ltr'>labor</span> <span class='ocrx_word' id='word_1_79' title='bbox 419 533 574 565; x_wconf 85' lang='lat' dir='ltr'>honestus</span> <span class='ocrx_word' id='word_1_80' title='bbox 608 538 657 565; x_wconf 88' lang='lat' dir='ltr'>est</span> <span class='ocrx_word' id='word_1_81' title='bbox 693 535 841 565; x_wconf 86' lang='lat' dir='ltr'>lectionis</span> <span class='ocrx_word' id='word_1_82' title='bbox 875 538 907 565; x_wconf 88' lang='lat' dir='ltr'>et</span> <span class='ocrx_word' id='word_1_83' title='bbox 938 535 1074 565; x_wconf 89' lang='lat' dir='ltr'>multum</span> <span class='ocrx_word' id='word_1_84' title='bbox 1110 535 1150 565; x_wconf 90' lang='lat' dir='ltr'>ad</span> <span class='ocrx_word' id='word_1_85' title='bbox 1181 536 1443 567; x_wconf 84' lang='lat' dir='ltr'>emundationem</span> <span class='ocrx_word' id='word_1_86' title='bbox 1473 537 1597 567; x_wconf 86' lang='lat' dir='ltr'>animae</span> <span class='ocrx_word' id='word_1_87' title='bbox 1622 536 1757 577; x_wconf 89' lang='lat' dir='ltr'>proficit.</span> 
     </span>
     <span class='ocr_line' id='line_1_15' title="bbox 107 584 1757 628; baseline 0.002 -13"><span class='ocrx_word' id='word_1_88' title='bbox 107 584 198 616; x_wconf 87' lang='lat' dir='ltr'>Sicut</span> <span class='ocrx_word' id='word_1_89' title='bbox 221 586 305 616; x_wconf 86' lang='lat' dir='ltr'>enim</span> <span class='ocrx_word' id='word_1_90' title='bbox 331 597 371 616; x_wconf 75' lang='lat' dir='ltr'>ex</span> <span class='ocrx_word' id='word_1_91' title='bbox 396 586 578 617; x_wconf 87' lang='lat' dir='ltr'>carnalibus</span> <span class='ocrx_word' id='word_1_92' title='bbox 604 587 686 617; x_wconf 85' lang='lat' dir='ltr'>escis</span> <span class='ocrx_word' id='word_1_93' title='bbox 708 587 805 618; x_wconf 90' lang='lat' dir='ltr'>alitur</span> <span class='ocrx_word' id='word_1_94' title='bbox 822 597 907 624; x_wconf 72' lang='lat' dir='ltr'>caro,</span> <span class='ocrx_word' id='word_1_95' title='bbox 932 587 977 618; x_wconf 87' lang='lat' dir='ltr'>ita</span> <span class='ocrx_word' id='word_1_96' title='bbox 1001 598 1042 618; x_wconf 78' lang='lat' dir='ltr'>ex</span> <span class='ocrx_word' id='word_1_97' title='bbox 1067 587 1184 618; x_wconf 82' lang='lat' dir='ltr'>divinis</span> <span class='ocrx_word' id='word_1_98' title='bbox 1202 588 1339 628; x_wconf 79' lang='lat' dir='ltr'>eloquiis</span> <span class='ocrx_word' id='word_1_99' title='bbox 1357 589 1498 619; x_wconf 88' lang='lat' dir='ltr'>nutritur</span> <span class='ocrx_word' id='word_1_100' title='bbox 1514 589 1646 619; x_wconf 82' lang='lat' dir='ltr'>interior</span> <span class='ocrx_word' id='word_1_101' title='bbox 1664 589 1757 619; x_wconf 92' lang='lat' dir='ltr'>homo</span> 
     </span>
     <span class='ocr_line' id='line_1_16' title="bbox 105 637 1759 680; baseline 0.002 -12"><span class='ocrx_word' id='word_1_102' title='bbox 105 648 141 668; x_wconf 89' lang='lat' dir='ltr'>ac</span> <span class='ocrx_word' id='word_1_103' title='bbox 175 637 326 679; x_wconf 89' lang='lat' dir='ltr'>pascitur.</span> <span class='ocrx_word' id='word_1_104' title='bbox 374 638 463 669; x_wconf 83' lang='lat' dir='ltr'>Sicut</span> <span class='ocrx_word' id='word_1_105' title='bbox 493 639 548 669; x_wconf 90' lang='lat' dir='ltr'>ille</span> <span class='ocrx_word' id='word_1_106' title='bbox 578 638 782 670; x_wconf 81' lang='lat' dir='ltr'>beatissimus</span> <span class='ocrx_word' id='word_1_107' title='bbox 807 643 871 671; x_wconf 79' lang='lat' dir='ltr'>est,</span> <span class='ocrx_word' id='word_1_108' title='bbox 910 639 963 680; x_wconf 91' lang='lat' dir='ltr'>qui</span> <span class='ocrx_word' id='word_1_109' title='bbox 988 638 1112 669; x_wconf 74' lang='lat' dir='ltr'>divinas</span> <span class='ocrx_word' id='word_1_110' title='bbox 1145 639 1320 680; x_wconf 83' lang='lat' dir='ltr'>scripturas</span> <span class='ocrx_word' id='word_1_111' title='bbox 1345 640 1457 680; x_wconf 78' lang='lat' dir='ltr'>legens</span> <span class='ocrx_word' id='word_1_112' title='bbox 1484 640 1581 670; x_wconf 80' lang='lat' dir='ltr'>verba</span> <span class='ocrx_word' id='word_1_113' title='bbox 1607 641 1702 671; x_wconf 79' lang='lat' dir='ltr'>vertit</span> <span class='ocrx_word' id='word_1_114' title='bbox 1726 641 1759 671; x_wconf 93' lang='lat' dir='ltr'>in</span> 
     </span>
     <span class='ocr_line' id='line_1_17' title="bbox 105 690 1758 733; baseline 0.001 -13"><span class='ocrx_word' id='word_1_115' title='bbox 105 694 233 731; x_wconf 66' lang='lat' dir='ltr'>opera’,</span> <span class='ocrx_word' id='word_1_116' title='bbox 258 690 302 721; x_wconf 89' lang='lat' dir='ltr'>ita</span> <span class='ocrx_word' id='word_1_117' title='bbox 326 693 358 721; x_wconf 82' lang='lat' dir='ltr'>et</span> <span class='ocrx_word' id='word_1_118' title='bbox 382 690 451 724; x_wconf 82' lang='lat' dir='ltr'>ille.</span> <span class='ocrx_word' id='word_1_119' title='bbox 477 692 531 732; x_wconf 94' lang='lat' dir='ltr'>qui</span> <span class='ocrx_word' id='word_1_120' title='bbox 555 691 720 733; x_wconf 81' lang='lat' dir='ltr'>sapienter</span> <span class='ocrx_word' id='word_1_121' title='bbox 743 690 890 732; x_wconf 79' lang='lat' dir='ltr'>graditur</span> <span class='ocrx_word' id='word_1_122' title='bbox 913 691 945 721; x_wconf 92' lang='lat' dir='ltr'>in</span> <span class='ocrx_word' id='word_1_123' title='bbox 969 690 1058 722; x_wconf 87' lang='lat' dir='ltr'>Deo:</span> <span class='ocrx_word' id='word_1_124' title='bbox 1084 694 1116 721; x_wconf 87' lang='lat' dir='ltr'>et</span> <span class='ocrx_word' id='word_1_125' title='bbox 1141 691 1223 721; x_wconf 80' lang='lat' dir='ltr'>sicut</span> <span class='ocrx_word' id='word_1_126' title='bbox 1248 692 1359 732; x_wconf 87' lang='lat' dir='ltr'>sepius</span> <span class='ocrx_word' id='word_1_127' title='bbox 1377 702 1494 722; x_wconf 87' lang='lat' dir='ltr'>caecus</span> <span class='ocrx_word' id='word_1_128' title='bbox 1512 691 1647 722; x_wconf 83' lang='lat' dir='ltr'>offendit</span> <span class='ocrx_word' id='word_1_129' title='bbox 1664 702 1758 733; x_wconf 84' lang='lat' dir='ltr'>quam</span> 
     </span>
     <span class='ocr_line' id='line_1_18' title="bbox 106 741 1760 786; baseline 0.002 -14"><span class='ocrx_word' id='word_1_130' title='bbox 106 741 233 779; x_wconf 76' lang='lat' dir='ltr'>videns,</span> <span class='ocrx_word' id='word_1_131' title='bbox 269 742 314 772; x_wconf 90' lang='lat' dir='ltr'>sic</span> <span class='ocrx_word' id='word_1_132' title='bbox 344 742 495 783; x_wconf 87' lang='lat' dir='ltr'>ignorans</span> <span class='ocrx_word' id='word_1_133' title='bbox 528 743 634 784; x_wconf 90' lang='lat' dir='ltr'>legem</span> <span class='ocrx_word' id='word_1_134' title='bbox 664 743 727 774; x_wconf 93' lang='lat' dir='ltr'>Dei</span> <span class='ocrx_word' id='word_1_135' title='bbox 757 744 865 785; x_wconf 87' lang='lat' dir='ltr'>sepius</span> <span class='ocrx_word' id='word_1_136' title='bbox 897 743 1086 784; x_wconf 82' lang='lat' dir='ltr'>ignoranter</span> <span class='ocrx_word' id='word_1_137' title='bbox 1118 746 1247 784; x_wconf 87' lang='lat' dir='ltr'>peccat.</span> <span class='ocrx_word' id='word_1_138' title='bbox 1278 754 1374 785; x_wconf 84' lang='lat' dir='ltr'>quam</span> <span class='ocrx_word' id='word_1_139' title='bbox 1405 744 1458 775; x_wconf 91' lang='lat' dir='ltr'>ille</span> <span class='ocrx_word' id='word_1_140' title='bbox 1489 745 1542 786; x_wconf 89' lang='lat' dir='ltr'>qui</span> <span class='ocrx_word' id='word_1_141' title='bbox 1571 744 1644 780; x_wconf 73' lang='lat' dir='ltr'>scit;</span> <span class='ocrx_word' id='word_1_142' title='bbox 1676 745 1760 775; x_wconf 88' lang='lat' dir='ltr'>sicut</span> 
     </span>
     <span class='ocr_line' id='line_1_19' title="bbox 105 794 1759 837; baseline 0.001 -13"><span class='ocrx_word' id='word_1_143' title='bbox 105 803 221 824; x_wconf 86' lang='lat' dir='ltr'>caecus</span> <span class='ocrx_word' id='word_1_144' title='bbox 250 794 320 825; x_wconf 89' lang='lat' dir='ltr'>sine</span> <span class='ocrx_word' id='word_1_145' title='bbox 345 794 494 826; x_wconf 87' lang='lat' dir='ltr'>ductore.</span> <span class='ocrx_word' id='word_1_146' title='bbox 525 796 569 827; x_wconf 87' lang='lat' dir='ltr'>sic</span> <span class='ocrx_word' id='word_1_147' title='bbox 594 795 690 826; x_wconf 88' lang='lat' dir='ltr'>homo</span> <span class='ocrx_word' id='word_1_148' title='bbox 715 795 784 827; x_wconf 89' lang='lat' dir='ltr'>sine</span> <span class='ocrx_word' id='word_1_149' title='bbox 809 795 941 826; x_wconf 87' lang='lat' dir='ltr'>doctore</span> <span class='ocrx_word' id='word_1_150' title='bbox 966 795 1049 826; x_wconf 83' lang='lat' dir='ltr'>viam</span> <span class='ocrx_word' id='word_1_151' title='bbox 1074 798 1194 826; x_wconf 87' lang='lat' dir='ltr'>rectam</span> <span class='ocrx_word' id='word_1_152' title='bbox 1220 795 1273 825; x_wconf 83' lang='lat' dir='ltr'>vix</span> <span class='ocrx_word' id='word_1_153' title='bbox 1297 795 1463 836; x_wconf 73' lang='lat' dir='ltr'>graditur‘.</span> <span class='ocrx_word' id='word_1_154' title='bbox 1511 795 1658 827; x_wconf 78' lang='lat' dir='ltr'>·Omnis2</span> <span class='ocrx_word' id='word_1_155' title='bbox 1684 807 1759 837; x_wconf 87' lang='lat' dir='ltr'>pro-</span> 
     </span>
     <span class='ocr_line' id='line_1_20' title="bbox 104 845 1760 890; baseline 0.001 -14"><span class='ocrx_word' id='word_1_156' title='bbox 104 845 208 876; x_wconf 81' lang='lat' dir='ltr'>fectus</span> <span class='ocrx_word' id='word_1_157' title='bbox 245 856 286 877; x_wconf 77' lang='lat' dir='ltr'>ex</span> <span class='ocrx_word' id='word_1_158' title='bbox 320 847 458 878; x_wconf 86' lang='lat' dir='ltr'>lectione</span> <span class='ocrx_word' id='word_1_159' title='bbox 494 852 525 878; x_wconf 86' lang='lat' dir='ltr'>et</span> <span class='ocrx_word' id='word_1_160' title='bbox 554 848 766 880; x_wconf 81' lang='lat' dir='ltr'>meditatione</span> <span class='ocrx_word' id='word_1_161' title='bbox 800 848 942 880; x_wconf 86' lang='lat' dir='ltr'>accedit:</span> <span class='ocrx_word' id='word_1_162' title='bbox 979 858 1060 890; x_wconf 89' lang='lat' dir='ltr'>quae</span> <span class='ocrx_word' id='word_1_163' title='bbox 1097 848 1182 879; x_wconf 91' lang='lat' dir='ltr'>enim</span> <span class='ocrx_word' id='word_1_164' title='bbox 1217 850 1380 879; x_wconf 85' lang='lat' dir='ltr'>nescimus</span> <span class='ocrx_word' id='word_1_165' title='bbox 1417 848 1559 879; x_wconf 87' lang='lat' dir='ltr'>lectione</span> <span class='ocrx_word' id='word_1_166' title='bbox 1595 848 1760 878; x_wconf 76' lang='lat' dir='ltr'>discimus.</span> 
     </span>
     <span class='ocr_line' id='line_1_21' title="bbox 105 898 1760 939; baseline 0.001 -11"><span class='ocrx_word' id='word_1_167' title='bbox 105 908 188 939; x_wconf 92' lang='lat' dir='ltr'>quae</span> <span class='ocrx_word' id='word_1_168' title='bbox 218 902 326 928; x_wconf 89' lang='lat' dir='ltr'>autem</span> <span class='ocrx_word' id='word_1_169' title='bbox 357 898 525 930; x_wconf 85' lang='lat' dir='ltr'>didicimus</span> <span class='ocrx_word' id='word_1_170' title='bbox 556 899 820 931; x_wconf 79' lang='lat' dir='ltr'>meditationibus</span> <span class='ocrx_word' id='word_1_171' title='bbox 854 910 1096 931; x_wconf 73' lang='lat' dir='ltr'>conservamus,</span> <span class='ocrx_word' id='word_1_172' title='bbox 1153 899 1325 931; x_wconf 89' lang='lat' dir='ltr'>Geminum</span> <span class='ocrx_word' id='word_1_173' title='bbox 1361 900 1486 931; x_wconf 86' lang='lat' dir='ltr'>confert</span> <span class='ocrx_word' id='word_1_174' title='bbox 1516 899 1636 930; x_wconf 91' lang='lat' dir='ltr'>donum</span> <span class='ocrx_word' id='word_1_175' title='bbox 1664 900 1760 930; x_wconf 86' lang='lat' dir='ltr'>lectio</span> 
     </span>
     <span class='ocr_line' id='line_1_22' title="bbox 105 950 1761 993; baseline 0.001 -14"><span class='ocrx_word' id='word_1_176' title='bbox 105 953 233 986; x_wconf 71' lang='lat' dir='ltr'>sancta,</span> <span class='ocrx_word' id='word_1_177' title='bbox 268 950 336 981; x_wconf 89' lang='lat' dir='ltr'>sive</span> <span class='ocrx_word' id='word_1_178' title='bbox 371 951 446 991; x_wconf 89' lang='lat' dir='ltr'>quia</span> <span class='ocrx_word' id='word_1_179' title='bbox 476 951 676 983; x_wconf 87' lang='lat' dir='ltr'>intellectum</span> <span class='ocrx_word' id='word_1_180' title='bbox 708 953 824 984; x_wconf 86' lang='lat' dir='ltr'>mentis</span> <span class='ocrx_word' id='word_1_181' title='bbox 855 952 956 989; x_wconf 75' lang='lat' dir='ltr'>acuit,</span> <span class='ocrx_word' id='word_1_182' title='bbox 994 962 1051 983; x_wconf 90' lang='lat' dir='ltr'>seu</span> <span class='ocrx_word' id='word_1_183' title='bbox 1081 951 1164 993; x_wconf 91' lang='lat' dir='ltr'>quod</span> <span class='ocrx_word' id='word_1_184' title='bbox 1189 963 1207 982; x_wconf 92' lang='lat' dir='ltr'>a</span> <span class='ocrx_word' id='word_1_185' title='bbox 1232 952 1341 983; x_wconf 89' lang='lat' dir='ltr'>muudi</span> <span class='ocrx_word' id='word_1_186' title='bbox 1367 952 1565 983; x_wconf 76' lang='lat' dir='ltr'>vanitatibus</span> <span class='ocrx_word' id='word_1_187' title='bbox 1597 952 1761 982; x_wconf 87' lang='lat' dir='ltr'>abstracto</span> 
     </span>
     <span class='ocr_line' id='line_1_23' title="bbox 106 1000 1760 1046; baseline 0.001 -15"><span class='ocrx_word' id='word_1_188' title='bbox 106 1000 268 1032; x_wconf 91' lang='lat' dir='ltr'>hominem</span> <span class='ocrx_word' id='word_1_189' title='bbox 299 1002 338 1033; x_wconf 91' lang='lat' dir='ltr'>ad</span> <span class='ocrx_word' id='word_1_190' title='bbox 369 1013 511 1034; x_wconf 89' lang='lat' dir='ltr'>amorem</span> <span class='ocrx_word' id='word_1_191' title='bbox 539 1003 602 1035; x_wconf 91' lang='lat' dir='ltr'>Dei</span> <span class='ocrx_word' id='word_1_192' title='bbox 633 1004 792 1046; x_wconf 88' lang='lat' dir='ltr'>perducit.</span> <span class='ocrx_word' id='word_1_193' title='bbox 844 1004 948 1035; x_wconf 80' lang='lat' dir='ltr'>Nemo</span> <span class='ocrx_word' id='word_1_194' title='bbox 977 1008 1087 1046; x_wconf 88' lang='lat' dir='ltr'>potest</span> <span class='ocrx_word' id='word_1_195' title='bbox 1118 1014 1247 1035; x_wconf 89' lang='lat' dir='ltr'>sensum</span> <span class='ocrx_word' id='word_1_196' title='bbox 1280 1004 1457 1046; x_wconf 82' lang='lat' dir='ltr'>scripturae</span> <span class='ocrx_word' id='word_1_197' title='bbox 1483 1008 1616 1034; x_wconf 83' lang='lat' dir='ltr'>sanctae</span> <span class='ocrx_word' id='word_1_198' title='bbox 1642 1014 1760 1044; x_wconf 87' lang='lat' dir='ltr'>cogno-</span> 
     </span>
     <span class='ocr_line' id='line_1_24' title="bbox 104 1053 1760 1097; baseline 0.001 -14"><span class='ocrx_word' id='word_1_199' title='bbox 104 1063 194 1084; x_wconf 88' lang='lat' dir='ltr'>scere</span> <span class='ocrx_word' id='word_1_200' title='bbox 217 1053 278 1095; x_wconf 84' lang='lat' dir='ltr'>nisi</span> <span class='ocrx_word' id='word_1_201' title='bbox 303 1054 434 1095; x_wconf 88' lang='lat' dir='ltr'>legendi</span> <span class='ocrx_word' id='word_1_202' title='bbox 458 1055 686 1088; x_wconf 75' lang='lat' dir='ltr'>familiaritate,</span> <span class='ocrx_word' id='word_1_203' title='bbox 712 1056 795 1087; x_wconf 85' lang='lat' dir='ltr'>sicut</span> <span class='ocrx_word' id='word_1_204' title='bbox 813 1057 968 1097; x_wconf 86' lang='lat' dir='ltr'>scriptum</span> <span class='ocrx_word' id='word_1_205' title='bbox 988 1056 1058 1087; x_wconf 70' lang='lat' dir='ltr'>estb</span> <span class='ocrx_word' id='word_1_206' title='bbox 1081 1055 1176 1086; x_wconf 69' lang='lat' dir='ltr'>‘Ama</span> <span class='ocrx_word' id='word_1_207' title='bbox 1200 1056 1288 1086; x_wconf 92' lang='lat' dir='ltr'>illam</span> <span class='ocrx_word' id='word_1_208' title='bbox 1307 1060 1339 1086; x_wconf 94' lang='lat' dir='ltr'>et</span> <span class='ocrx_word' id='word_1_209' title='bbox 1357 1055 1517 1086; x_wconf 84' lang='lat' dir='ltr'>exaltabit</span> <span class='ocrx_word' id='word_1_210' title='bbox 1534 1060 1576 1087; x_wconf 83' lang='lat' dir='ltr'>te.</span> <span class='ocrx_word' id='word_1_211' title='bbox 1601 1055 1760 1096; x_wconf 83' lang='lat' dir='ltr'>glorifica-</span> 
     </span>
     <span class='ocr_line' id='line_1_25' title="bbox 103 1105 1761 1150; baseline 0.001 -15"><span class='ocrx_word' id='word_1_212' title='bbox 103 1105 190 1136; x_wconf 89' lang='lat' dir='ltr'>beris</span> <span class='ocrx_word' id='word_1_213' title='bbox 221 1106 262 1137; x_wconf 92' lang='lat' dir='ltr'>ab</span> <span class='ocrx_word' id='word_1_214' title='bbox 293 1116 346 1145; x_wconf 87' lang='lat' dir='ltr'>ea,</span> <span class='ocrx_word' id='word_1_215' title='bbox 379 1117 451 1137; x_wconf 93' lang='lat' dir='ltr'>cum</span> <span class='ocrx_word' id='word_1_216' title='bbox 477 1118 548 1138; x_wconf 89' lang='lat' dir='ltr'>eam</span> <span class='ocrx_word' id='word_1_217' title='bbox 576 1108 676 1139; x_wconf 86' lang='lat' dir='ltr'>fueris</span> <span class='ocrx_word' id='word_1_218' title='bbox 701 1108 927 1150; x_wconf 77' lang='lat' dir='ltr'>amplexatus’.</span> <span class='ocrx_word' id='word_1_219' title='bbox 974 1108 1103 1144; x_wconf 85' lang='lat' dir='ltr'>Quanto</span> <span class='ocrx_word' id='word_1_220' title='bbox 1129 1108 1265 1149; x_wconf 87' lang='lat' dir='ltr'>quisque</span> <span class='ocrx_word' id='word_1_221' title='bbox 1297 1108 1399 1149; x_wconf 83' lang='lat' dir='ltr'>magis</span> <span class='ocrx_word' id='word_1_222' title='bbox 1431 1108 1463 1138; x_wconf 92' lang='lat' dir='ltr'>in</span> <span class='ocrx_word' id='word_1_223' title='bbox 1494 1108 1592 1138; x_wconf 79' lang='lat' dir='ltr'>sacris</span> <span class='ocrx_word' id='word_1_224' title='bbox 1626 1107 1761 1148; x_wconf 83' lang='lat' dir='ltr'>eloquiis</span> 
     </span>
     <span class='ocr_line' id='line_1_26' title="bbox 103 1157 1761 1201; baseline 0.001 -14"><span class='ocrx_word' id='word_1_225' title='bbox 103 1157 253 1188; x_wconf 83' lang='lat' dir='ltr'>assiduus</span> <span class='ocrx_word' id='word_1_226' title='bbox 284 1157 397 1195; x_wconf 78' lang='lat' dir='ltr'>fuerit,</span> <span class='ocrx_word' id='word_1_227' title='bbox 430 1162 520 1190; x_wconf 89' lang='lat' dir='ltr'>tanto</span> <span class='ocrx_word' id='word_1_228' title='bbox 552 1170 593 1190; x_wconf 80' lang='lat' dir='ltr'>ex</span> <span class='ocrx_word' id='word_1_229' title='bbox 626 1160 675 1191; x_wconf 85' lang='lat' dir='ltr'>his</span> <span class='ocrx_word' id='word_1_230' title='bbox 707 1161 889 1191; x_wconf 88' lang='lat' dir='ltr'>uberiorem</span> <span class='ocrx_word' id='word_1_231' title='bbox 920 1159 1179 1201; x_wconf 84' lang='lat' dir='ltr'>intellegentiam</span> <span class='ocrx_word' id='word_1_232' title='bbox 1211 1158 1323 1201; x_wconf 84' lang='lat' dir='ltr'>capit&#39;:</span> <span class='ocrx_word' id='word_1_233' title='bbox 1360 1164 1450 1190; x_wconf 84' lang='lat' dir='ltr'>tanto</span> <span class='ocrx_word' id='word_1_234' title='bbox 1486 1159 1620 1200; x_wconf 88' lang='lat' dir='ltr'>quisque</span> <span class='ocrx_word' id='word_1_235' title='bbox 1655 1157 1761 1189; x_wconf 90' lang='lat' dir='ltr'>Deum</span> 
     </span>
     <span class='ocr_line' id='line_1_27' title="bbox 103 1211 1762 1254; baseline 0.001 -15"><span class='ocrx_word' id='word_1_236' title='bbox 103 1219 214 1240; x_wconf 84' lang='lat' dir='ltr'>amare</span> <span class='ocrx_word' id='word_1_237' title='bbox 247 1211 461 1249; x_wconf 82' lang='lat' dir='ltr'>convincitur,</span> <span class='ocrx_word' id='word_1_238' title='bbox 492 1216 611 1253; x_wconf 83' lang='lat' dir='ltr'>quanto</span> <span class='ocrx_word' id='word_1_239' title='bbox 643 1212 823 1254; x_wconf 88' lang='lat' dir='ltr'>sapientior</span> <span class='ocrx_word' id='word_1_240' title='bbox 847 1213 1045 1254; x_wconf 69' lang='lat' dir='ltr'>repperitur,</span> <span class='ocrx_word' id='word_1_241' title='bbox 1076 1215 1231 1253; x_wconf 83' lang='lat' dir='ltr'>tantoque</span> <span class='ocrx_word' id='word_1_242' title='bbox 1261 1212 1291 1242; x_wconf 89' lang='lat' dir='ltr'>ei</span> <span class='ocrx_word' id='word_1_243' title='bbox 1316 1212 1460 1242; x_wconf 85' lang='lat' dir='ltr'>vicinior.</span> <span class='ocrx_word' id='word_1_244' title='bbox 1493 1216 1611 1252; x_wconf 80' lang='lat' dir='ltr'>quanto</span> <span class='ocrx_word' id='word_1_245' title='bbox 1637 1214 1668 1241; x_wconf 84' lang='lat' dir='ltr'>ct</span> <span class='ocrx_word' id='word_1_246' title='bbox 1692 1211 1762 1241; x_wconf 82' lang='lat' dir='ltr'>eius</span> 
     </span>
     <span class='ocr_line' id='line_1_28' title="bbox 109 1261 588 1304; baseline 0.006 -12"><span class='ocrx_word' id='word_1_247' title='bbox 109 1261 230 1303; x_wconf 84' lang='lat' dir='ltr'>potitur</span> <span class='ocrx_word' id='word_1_248' title='bbox 254 1262 435 1304; x_wconf 83' lang='lat' dir='ltr'>sapientiae</span> <span class='ocrx_word' id='word_1_249' title='bbox 460 1263 588 1295; x_wconf 92' lang='lat' dir='ltr'>donum.</span> 
     </span>
    </p>

    <p class='ocr_par' dir='ltr' id='par_1_12' title="bbox 104 1313 1763 2139">
     <span class='ocr_line' id='line_1_29' title="bbox 209 1313 1762 1358; baseline 0 -13"><span class='ocrx_word' id='word_1_250' title='bbox 209 1313 386 1346; x_wconf 77' lang='lat' dir='ltr'>‘Proinde³</span> <span class='ocrx_word' id='word_1_251' title='bbox 411 1316 529 1354; x_wconf 71' lang='lat' dir='ltr'>omnis,</span> <span class='ocrx_word' id='word_1_252' title='bbox 563 1316 617 1357; x_wconf 89' lang='lat' dir='ltr'>qui</span> <span class='ocrx_word' id='word_1_253' title='bbox 642 1316 821 1347; x_wconf 91' lang='lat' dir='ltr'>secundum</span> <span class='ocrx_word' id='word_1_254' title='bbox 846 1316 954 1347; x_wconf 89' lang='lat' dir='ltr'>Deum</span> <span class='ocrx_word' id='word_1_255' title='bbox 979 1316 1110 1358; x_wconf 87' lang='lat' dir='ltr'>sapiens</span> <span class='ocrx_word' id='word_1_256' title='bbox 1135 1319 1197 1353; x_wconf 72' lang='lat' dir='ltr'>est,v</span> <span class='ocrx_word' id='word_1_257' title='bbox 1224 1315 1338 1347; x_wconf 80' lang='lat' dir='ltr'>beatus</span> <span class='ocrx_word' id='word_1_258' title='bbox 1365 1319 1424 1346; x_wconf 85' lang='lat' dir='ltr'>est.</span> <span class='ocrx_word' id='word_1_259' title='bbox 1470 1315 1565 1346; x_wconf 90' lang='lat' dir='ltr'>Unde</span> <span class='ocrx_word' id='word_1_260' title='bbox 1591 1319 1623 1345; x_wconf 88' lang='lat' dir='ltr'>et</span> <span class='ocrx_word' id='word_1_261' title='bbox 1646 1315 1678 1345; x_wconf 91' lang='lat' dir='ltr'>in</span> <span class='ocrx_word' id='word_1_262' title='bbox 1703 1314 1762 1345; x_wconf 91' lang='lat' dir='ltr'>Iob</span> 
     </span>
     <span class='ocr_line' id='line_1_30' title="bbox 104 1365 1762 1411; baseline 0.001 -15"><span class='ocrx_word' id='word_1_263' title='bbox 104 1365 238 1407; x_wconf 90' lang='lat' dir='ltr'>legitur:</span> <span class='ocrx_word' id='word_1_264' title='bbox 262 1366 440 1408; x_wconf 61' lang='lat' dir='ltr'>‘Sapientia</span> <span class='ocrx_word' id='word_1_265' title='bbox 456 1367 595 1399; x_wconf 91' lang='lat' dir='ltr'>hominis</span> <span class='ocrx_word' id='word_1_266' title='bbox 612 1372 662 1399; x_wconf 87' lang='lat' dir='ltr'>est</span> <span class='ocrx_word' id='word_1_267' title='bbox 678 1369 794 1411; x_wconf 69' lang='lat' dir='ltr'>pietas,</span> <span class='ocrx_word' id='word_1_268' title='bbox 820 1368 974 1400; x_wconf 86' lang='lat' dir='ltr'>recedere</span> <span class='ocrx_word' id='word_1_269' title='bbox 992 1379 1010 1399; x_wconf 93' lang='lat' dir='ltr'>a</span> <span class='ocrx_word' id='word_1_270' title='bbox 1027 1368 1113 1399; x_wconf 88' lang='lat' dir='ltr'>malo</span> <span class='ocrx_word' id='word_1_271' title='bbox 1131 1366 1288 1399; x_wconf 80' lang='lat' dir='ltr'>scientia&#39;.</span> <span class='ocrx_word' id='word_1_272' title='bbox 1307 1378 1371 1398; x_wconf 89' lang='lat' dir='ltr'>uno</span> <span class='ocrx_word' id='word_1_273' title='bbox 1391 1378 1466 1398; x_wconf 80' lang='lat' dir='ltr'>vero</span> <span class='ocrx_word' id='word_1_274' title='bbox 1484 1367 1613 1397; x_wconf 86' lang='lat' dir='ltr'>nomine</span> <span class='ocrx_word' id='word_1_275' title='bbox 1631 1366 1762 1408; x_wconf 88' lang='lat' dir='ltr'>pietatis</span> 
     </span>
     <span class='ocr_line' id='line_1_31' title="bbox 104 1418 1762 1461; baseline 0 -13"><span class='ocrx_word' id='word_1_276' title='bbox 104 1418 226 1448; x_wconf 88' lang='lat' dir='ltr'>cultum</span> <span class='ocrx_word' id='word_1_277' title='bbox 242 1418 341 1449; x_wconf 83' lang='lat' dir='ltr'>totius</span> <span class='ocrx_word' id='word_1_278' title='bbox 359 1418 466 1450; x_wconf 80' lang='lat' dir='ltr'>divine</span> <span class='ocrx_word' id='word_1_279' title='bbox 483 1420 656 1461; x_wconf 85' lang='lat' dir='ltr'>relegionis</span> <span class='ocrx_word' id='word_1_280' title='bbox 674 1420 848 1461; x_wconf 86' lang='lat' dir='ltr'>designare</span> <span class='ocrx_word' id='word_1_281' title='bbox 866 1419 988 1450; x_wconf 75' lang='lat' dir='ltr'>volens.</span> <span class='ocrx_word' id='word_1_282' title='bbox 1027 1419 1112 1455; x_wconf 88' lang='lat' dir='ltr'>Quid</span> <span class='ocrx_word' id='word_1_283' title='bbox 1129 1419 1259 1450; x_wconf 88' lang='lat' dir='ltr'>beatius</span> <span class='ocrx_word' id='word_1_284' title='bbox 1278 1422 1327 1450; x_wconf 85' lang='lat' dir='ltr'>est</span> <span class='ocrx_word' id='word_1_285' title='bbox 1345 1418 1462 1450; x_wconf 89' lang='lat' dir='ltr'>anime.</span> <span class='ocrx_word' id='word_1_286' title='bbox 1487 1429 1583 1459; x_wconf 91' lang='lat' dir='ltr'>quam</span> <span class='ocrx_word' id='word_1_287' title='bbox 1601 1429 1762 1448; x_wconf 86' lang='lat' dir='ltr'>summum</span> 
     </span>
     <span class='ocr_line' id='line_1_32' title="bbox 104 1470 1763 1513; baseline 0.001 -13"><span class='ocrx_word' id='word_1_288' title='bbox 104 1470 296 1512; x_wconf 87' lang='lat' dir='ltr'>intellegere</span> <span class='ocrx_word' id='word_1_289' title='bbox 321 1475 353 1501; x_wconf 88' lang='lat' dir='ltr'>et</span> <span class='ocrx_word' id='word_1_290' title='bbox 376 1471 512 1512; x_wconf 88' lang='lat' dir='ltr'>diligere</span> <span class='ocrx_word' id='word_1_291' title='bbox 537 1472 673 1511; x_wconf 69' lang='lat' dir='ltr'>bonum7</span> <span class='ocrx_word' id='word_1_292' title='bbox 698 1472 783 1513; x_wconf 88' lang='lat' dir='ltr'>quod</span> <span class='ocrx_word' id='word_1_293' title='bbox 808 1471 899 1503; x_wconf 84' lang='lat' dir='ltr'>Deus</span> <span class='ocrx_word' id='word_1_294' title='bbox 925 1477 990 1505; x_wconf 81' lang='lat' dir='ltr'>est:</span> <span class='ocrx_word' id='word_1_295' title='bbox 1007 1472 1100 1513; x_wconf 29' lang='lat' dir='ltr'>*quid</span> <span class='ocrx_word' id='word_1_296' title='bbox 1124 1471 1267 1505; x_wconf 71' lang='lat' dir='ltr'>felicius.</span> <span class='ocrx_word' id='word_1_297' title='bbox 1293 1482 1389 1512; x_wconf 88' lang='lat' dir='ltr'>quam</span> <span class='ocrx_word' id='word_1_298' title='bbox 1415 1482 1449 1502; x_wconf 85' lang='lat' dir='ltr'>se</span> <span class='ocrx_word' id='word_1_299' title='bbox 1475 1470 1605 1512; x_wconf 88' lang='lat' dir='ltr'>dignam</span> <span class='ocrx_word' id='word_1_300' title='bbox 1630 1475 1763 1502; x_wconf 84' lang='lat' dir='ltr'>aeterna</span> 
     </span>
     <span class='ocr_line' id='line_1_33' title="bbox 106 1522 1762 1564; baseline 0.001 -12"><span class='ocrx_word' id='word_1_301' title='bbox 106 1532 281 1564; x_wconf 81' lang='lat' dir='ltr'>preparare</span> <span class='ocrx_word' id='word_1_302' title='bbox 305 1523 518 1561; x_wconf 71' lang='lat' dir='ltr'>beatitudine,</span> <span class='ocrx_word' id='word_1_303' title='bbox 544 1524 619 1555; x_wconf 87' lang='lat' dir='ltr'>dum</span> <span class='ocrx_word' id='word_1_304' title='bbox 645 1524 848 1555; x_wconf 84' lang='lat' dir='ltr'>inmortalem</span> <span class='ocrx_word' id='word_1_305' title='bbox 874 1535 908 1555; x_wconf 85' lang='lat' dir='ltr'>se</span> <span class='ocrx_word' id='word_1_306' title='bbox 935 1534 1008 1555; x_wconf 84' lang='lat' dir='ltr'>esse</span> <span class='ocrx_word' id='word_1_307' title='bbox 1032 1524 1198 1554; x_wconf 74' lang='lat' dir='ltr'>verissime</span> <span class='ocrx_word' id='word_1_308' title='bbox 1223 1524 1324 1554; x_wconf 87' lang='lat' dir='ltr'>novit.</span> <span class='ocrx_word' id='word_1_309' title='bbox 1371 1523 1439 1554; x_wconf 74' lang='lat' dir='ltr'>Nec</span> <span class='ocrx_word' id='word_1_310' title='bbox 1464 1522 1645 1554; x_wconf 81' lang='lat' dir='ltr'>aestimetis</span> <span class='ocrx_word' id='word_1_311' title='bbox 1671 1523 1762 1553; x_wconf 80' lang='lat' dir='ltr'>vobis</span> 
     </span>
     <span class='ocr_line' id='line_1_34' title="bbox 105 1575 1761 1618; baseline -0.001 -12"><span class='ocrx_word' id='word_1_312' title='bbox 105 1578 230 1606; x_wconf 86' lang='lat' dir='ltr'>tantum</span> <span class='ocrx_word' id='word_1_313' title='bbox 248 1576 398 1606; x_wconf 82' lang='lat' dir='ltr'>sufficere</span> <span class='ocrx_word' id='word_1_314' title='bbox 415 1586 520 1609; x_wconf 80' lang='lat' dir='ltr'>nosse.</span> <span class='ocrx_word' id='word_1_315' title='bbox 539 1576 613 1617; x_wconf 90' lang='lat' dir='ltr'>quid</span> <span class='ocrx_word' id='word_1_316' title='bbox 632 1587 730 1617; x_wconf 86' lang='lat' dir='ltr'>agere</span> <span class='ocrx_word' id='word_1_317' title='bbox 748 1576 906 1613; x_wconf 70' lang='lat' dir='ltr'>debeatis,</span> <span class='ocrx_word' id='word_1_318' title='bbox 926 1576 987 1606; x_wconf 88' lang='lat' dir='ltr'>nisi</span> <span class='ocrx_word' id='word_1_319' title='bbox 1004 1576 1101 1606; x_wconf 87' lang='lat' dir='ltr'>etiam</span> <span class='ocrx_word' id='word_1_320' title='bbox 1116 1587 1214 1618; x_wconf 87' lang='lat' dir='ltr'>opere</span> <span class='ocrx_word' id='word_1_321' title='bbox 1233 1575 1393 1617; x_wconf 84' lang='lat' dir='ltr'>impleatis</span> <span class='ocrx_word' id='word_1_322' title='bbox 1412 1586 1494 1616; x_wconf 86' lang='lat' dir='ltr'>quae</span> <span class='ocrx_word' id='word_1_323' title='bbox 1513 1575 1623 1606; x_wconf 86' lang='lat' dir='ltr'>nostis.</span> <span class='ocrx_word' id='word_1_324' title='bbox 1657 1575 1761 1610; x_wconf 78' lang='lat' dir='ltr'>Quam</span> 
     </span>
     <span class='ocr_line' id='line_1_35' title="bbox 104 1627 1762 1669; baseline -0.001 -11"><span class='ocrx_word' id='word_1_325' title='bbox 104 1627 234 1669; x_wconf 89' lang='lat' dir='ltr'>plurimi</span> <span class='ocrx_word' id='word_1_326' title='bbox 252 1638 286 1658; x_wconf 87' lang='lat' dir='ltr'>se</span> <span class='ocrx_word' id='word_1_327' title='bbox 305 1627 470 1669; x_wconf 88' lang='lat' dir='ltr'>sapientes</span> <span class='ocrx_word' id='word_1_328' title='bbox 489 1627 663 1658; x_wconf 87' lang='lat' dir='ltr'>aestimant</span> <span class='ocrx_word' id='word_1_329' title='bbox 688 1632 719 1659; x_wconf 85' lang='lat' dir='ltr'>et</span> <span class='ocrx_word' id='word_1_330' title='bbox 737 1629 819 1659; x_wconf 87' lang='lat' dir='ltr'>viam</span> <span class='ocrx_word' id='word_1_331' title='bbox 838 1628 984 1659; x_wconf 78' lang='lat' dir='ltr'>veritatis</span> <span class='ocrx_word' id='word_1_332' title='bbox 1003 1639 1038 1659; x_wconf 87' lang='lat' dir='ltr'>se</span> <span class='ocrx_word' id='word_1_333' title='bbox 1055 1639 1151 1659; x_wconf 83' lang='lat' dir='ltr'>nosse</span> <span class='ocrx_word' id='word_1_334' title='bbox 1169 1628 1360 1669; x_wconf 84' lang='lat' dir='ltr'>gloriantur.</span> <span class='ocrx_word' id='word_1_335' title='bbox 1388 1627 1446 1658; x_wconf 84' lang='lat' dir='ltr'>sed</span> <span class='ocrx_word' id='word_1_336' title='bbox 1465 1638 1670 1669; x_wconf 89' lang='lat' dir='ltr'>nequaquam</span> <span class='ocrx_word' id='word_1_337' title='bbox 1688 1638 1762 1658; x_wconf 78' lang='lat' dir='ltr'>vere</span> 
     </span>
     <span class='ocr_line' id='line_1_36' title="bbox 105 1679 1762 1721; baseline -0.001 -11"><span class='ocrx_word' id='word_1_338' title='bbox 105 1683 179 1711; x_wconf 80' lang='lat' dir='ltr'>sunt</span> <span class='ocrx_word' id='word_1_339' title='bbox 202 1680 366 1721; x_wconf 87' lang='lat' dir='ltr'>sapientes</span> <span class='ocrx_word' id='word_1_340' title='bbox 391 1680 445 1721; x_wconf 92' lang='lat' dir='ltr'>qui</span> <span class='ocrx_word' id='word_1_341' title='bbox 468 1690 532 1710; x_wconf 91' lang='lat' dir='ltr'>non</span> <span class='ocrx_word' id='word_1_342' title='bbox 557 1680 679 1711; x_wconf 86' lang='lat' dir='ltr'>habent</span> <span class='ocrx_word' id='word_1_343' title='bbox 701 1680 925 1711; x_wconf 85' lang='lat' dir='ltr'>fortitudinem</span> <span class='ocrx_word' id='word_1_344' title='bbox 951 1680 1049 1710; x_wconf 88' lang='lat' dir='ltr'>animi</span> <span class='ocrx_word' id='word_1_345' title='bbox 1073 1680 1112 1710; x_wconf 90' lang='lat' dir='ltr'>ad</span> <span class='ocrx_word' id='word_1_346' title='bbox 1137 1679 1370 1721; x_wconf 87' lang='lat' dir='ltr'>perficiendum</span> <span class='ocrx_word' id='word_1_347' title='bbox 1396 1690 1494 1721; x_wconf 86' lang='lat' dir='ltr'>opere</span> <span class='ocrx_word' id='word_1_348' title='bbox 1520 1679 1605 1721; x_wconf 92' lang='lat' dir='ltr'>quod</span> <span class='ocrx_word' id='word_1_349' title='bbox 1623 1679 1762 1720; x_wconf 88' lang='lat' dir='ltr'>sapiunt.</span> 
     </span>
     <span class='ocr_line' id='line_1_37' title="bbox 105 1731 1761 1773; baseline -0.001 -11"><span class='ocrx_word' id='word_1_350' title='bbox 105 1731 191 1773; x_wconf 91' lang='lat' dir='ltr'>Ergo</span> <span class='ocrx_word' id='word_1_351' title='bbox 209 1742 285 1762; x_wconf 80' lang='lat' dir='ltr'>vera</span> <span class='ocrx_word' id='word_1_352' title='bbox 302 1736 352 1762; x_wconf 86' lang='lat' dir='ltr'>est</span> <span class='ocrx_word' id='word_1_353' title='bbox 369 1732 529 1773; x_wconf 84' lang='lat' dir='ltr'>sapientia</span> <span class='ocrx_word' id='word_1_354' title='bbox 546 1742 641 1763; x_wconf 85' lang='lat' dir='ltr'>nosse</span> <span class='ocrx_word' id='word_1_355' title='bbox 660 1742 742 1773; x_wconf 89' lang='lat' dir='ltr'>quae</span> <span class='ocrx_word' id='word_1_356' title='bbox 756 1731 913 1764; x_wconf 84' lang='lat' dir='ltr'>debeatis.</span> <span class='ocrx_word' id='word_1_357' title='bbox 934 1737 966 1762; x_wconf 92' lang='lat' dir='ltr'>et</span> <span class='ocrx_word' id='word_1_358' title='bbox 983 1736 1059 1762; x_wconf 89' lang='lat' dir='ltr'>nota</span> <span class='ocrx_word' id='word_1_359' title='bbox 1074 1732 1243 1773; x_wconf 88' lang='lat' dir='ltr'>perficere.</span> <span class='ocrx_word' id='word_1_360' title='bbox 1282 1731 1365 1767; x_wconf 84' lang='lat' dir='ltr'>Quia</span> <span class='ocrx_word' id='word_1_361' title='bbox 1381 1732 1524 1773; x_wconf 71' lang='lat' dir='ltr'>sanguis⁷</span> <span class='ocrx_word' id='word_1_362' title='bbox 1543 1732 1596 1773; x_wconf 91' lang='lat' dir='ltr'>qui</span> <span class='ocrx_word' id='word_1_363' title='bbox 1609 1731 1649 1762; x_wconf 88' lang='lat' dir='ltr'>de</span> <span class='ocrx_word' id='word_1_364' title='bbox 1665 1742 1761 1762; x_wconf 89' lang='lat' dir='ltr'>carne</span> 
     </span>
     <span class='ocr_line' id='line_1_38' title="bbox 104 1783 1761 1825; baseline -0.001 -9"><span class='ocrx_word' id='word_1_365' title='bbox 104 1785 220 1816; x_wconf 86' lang='lat' dir='ltr'>lancea</span> <span class='ocrx_word' id='word_1_366' title='bbox 242 1784 350 1815; x_wconf 88' lang='lat' dir='ltr'>militis</span> <span class='ocrx_word' id='word_1_367' title='bbox 374 1784 543 1814; x_wconf 88' lang='lat' dir='ltr'>vulnerata</span> <span class='ocrx_word' id='word_1_368' title='bbox 566 1784 716 1822; x_wconf 65' lang='lat' dir='ltr'>fluxerat„</span> <span class='ocrx_word' id='word_1_369' title='bbox 740 1784 879 1825; x_wconf 84' lang='lat' dir='ltr'>pretium</span> <span class='ocrx_word' id='word_1_370' title='bbox 905 1790 954 1814; x_wconf 89' lang='lat' dir='ltr'>est</span> <span class='ocrx_word' id='word_1_371' title='bbox 979 1783 1090 1814; x_wconf 76' lang='lat' dir='ltr'>salutis</span> <span class='ocrx_word' id='word_1_372' title='bbox 1116 1784 1266 1823; x_wconf 78' lang='lat' dir='ltr'>humane,</span> <span class='ocrx_word' id='word_1_373' title='bbox 1291 1794 1348 1825; x_wconf 87' lang='lat' dir='ltr'>per</span> <span class='ocrx_word' id='word_1_374' title='bbox 1372 1784 1462 1814; x_wconf 88' lang='lat' dir='ltr'>cuius</span> <span class='ocrx_word' id='word_1_375' title='bbox 1487 1784 1678 1814; x_wconf 88' lang='lat' dir='ltr'>effusionem</span> <span class='ocrx_word' id='word_1_376' title='bbox 1704 1794 1761 1814; x_wconf 83' lang='lat' dir='ltr'>ex-</span> 
     </span>
     <span class='ocr_line' id='line_1_39' title="bbox 105 1835 1761 1879; baseline -0.001 -11"><span class='ocrx_word' id='word_1_377' title='bbox 105 1837 224 1868; x_wconf 80' lang='lat' dir='ltr'>tincta⁰</span> <span class='ocrx_word' id='word_1_378' title='bbox 247 1841 298 1868; x_wconf 85' lang='lat' dir='ltr'>est</span> <span class='ocrx_word' id='word_1_379' title='bbox 321 1837 472 1868; x_wconf 83' lang='lat' dir='ltr'>flammea</span> <span class='ocrx_word' id='word_1_380' title='bbox 495 1837 550 1868; x_wconf 88' lang='lat' dir='ltr'>illa</span> <span class='ocrx_word' id='word_1_381' title='bbox 574 1836 717 1879; x_wconf 84' lang='lat' dir='ltr'>paradisi</span> <span class='ocrx_word' id='word_1_382' title='bbox 741 1836 899 1868; x_wconf 78' lang='lat' dir='ltr'>custodia.</span> <span class='ocrx_word' id='word_1_383' title='bbox 932 1840 963 1867; x_wconf 89' lang='lat' dir='ltr'>et</span> <span class='ocrx_word' id='word_1_384' title='bbox 989 1836 1039 1866; x_wconf 77' lang='lat' dir='ltr'>via</span> <span class='ocrx_word' id='word_1_385' title='bbox 1063 1836 1215 1867; x_wconf 84' lang='lat' dir='ltr'>fidelibus</span> <span class='ocrx_word' id='word_1_386' title='bbox 1240 1840 1354 1878; x_wconf 88' lang='lat' dir='ltr'>aperta</span> <span class='ocrx_word' id='word_1_387' title='bbox 1378 1840 1428 1867; x_wconf 85' lang='lat' dir='ltr'>est</span> <span class='ocrx_word' id='word_1_388' title='bbox 1452 1835 1492 1867; x_wconf 89' lang='lat' dir='ltr'>ad</span> <span class='ocrx_word' id='word_1_389' title='bbox 1518 1837 1640 1877; x_wconf 89' lang='lat' dir='ltr'>lignum</span> <span class='ocrx_word' id='word_1_390' title='bbox 1666 1836 1761 1866; x_wconf 74' lang='lat' dir='ltr'>vitae.</span> 
     </span>
     <span class='ocr_line' id='line_1_40' title="bbox 104 1887 1760 1931; baseline -0.001 -11"><span class='ocrx_word' id='word_1_391' title='bbox 104 1889 189 1931; x_wconf 92' lang='lat' dir='ltr'>quod</span> <span class='ocrx_word' id='word_1_392' title='bbox 215 1889 396 1931; x_wconf 88' lang='lat' dir='ltr'>plantatum</span> <span class='ocrx_word' id='word_1_393' title='bbox 421 1894 470 1920; x_wconf 86' lang='lat' dir='ltr'>est</span> <span class='ocrx_word' id='word_1_394' title='bbox 495 1900 589 1920; x_wconf 79' lang='lat' dir='ltr'>secus</span> <span class='ocrx_word' id='word_1_395' title='bbox 615 1889 769 1919; x_wconf 85' lang='lat' dir='ltr'>decursus</span> <span class='ocrx_word' id='word_1_396' title='bbox 792 1899 948 1930; x_wconf 85' lang='lat' dir='ltr'>aquarum</span> <span class='ocrx_word' id='word_1_397' title='bbox 974 1888 1161 1919; x_wconf 84' lang='lat' dir='ltr'>viventium.</span> <span class='ocrx_word' id='word_1_398' title='bbox 1209 1888 1308 1919; x_wconf 83' lang='lat' dir='ltr'>Cuius</span> <span class='ocrx_word' id='word_1_399' title='bbox 1332 1888 1411 1929; x_wconf 86' lang='lat' dir='ltr'>ligni</span> <span class='ocrx_word' id='word_1_400' title='bbox 1435 1889 1598 1920; x_wconf 83' lang='lat' dir='ltr'>Salomon.</span> <span class='ocrx_word' id='word_1_401' title='bbox 1624 1899 1696 1919; x_wconf 84' lang='lat' dir='ltr'>oum</span> <span class='ocrx_word' id='word_1_402' title='bbox 1721 1887 1760 1918; x_wconf 90' lang='lat' dir='ltr'>de</span> 
     </span>
     <span class='ocr_line' id='line_1_41' title="bbox 104 1940 1759 1983; baseline -0.001 -11"><span class='ocrx_word' id='word_1_403' title='bbox 104 1941 199 1973; x_wconf 89' lang='lat' dir='ltr'>laude</span> <span class='ocrx_word' id='word_1_404' title='bbox 224 1941 401 1983; x_wconf 85' lang='lat' dir='ltr'>sapientiae</span> <span class='ocrx_word' id='word_1_405' title='bbox 418 1942 519 1972; x_wconf 89' lang='lat' dir='ltr'>multa</span> <span class='ocrx_word' id='word_1_406' title='bbox 536 1941 683 1973; x_wconf 79' lang='lat' dir='ltr'>dixisset.</span> <span class='ocrx_word' id='word_1_407' title='bbox 710 1941 896 1972; x_wconf 86' lang='lat' dir='ltr'>recordatus</span> <span class='ocrx_word' id='word_1_408' title='bbox 916 1944 965 1971; x_wconf 88' lang='lat' dir='ltr'>est</span> <span class='ocrx_word' id='word_1_409' title='bbox 983 1940 1107 1971; x_wconf 84' lang='lat' dir='ltr'>dicens:</span> <span class='ocrx_word' id='word_1_410' title='bbox 1134 1940 1266 1971; x_wconf 66' lang='lat' dir='ltr'>*Beatus</span> <span class='ocrx_word' id='word_1_411' title='bbox 1290 1940 1396 1977; x_wconf 60' lang='lat' dir='ltr'>homo,</span> <span class='ocrx_word' id='word_1_412' title='bbox 1423 1941 1475 1982; x_wconf 90' lang='lat' dir='ltr'>qui</span> <span class='ocrx_word' id='word_1_413' title='bbox 1492 1941 1613 1971; x_wconf 71' lang='lat' dir='ltr'>invenit</span> <span class='ocrx_word' id='word_1_414' title='bbox 1631 1940 1759 1981; x_wconf 86' lang='lat' dir='ltr'>sapien-</span> 
     </span>
     <span class='ocr_line' id='line_1_42' title="bbox 104 1992 1760 2035; baseline -0.001 -11"><span class='ocrx_word' id='word_1_415' title='bbox 104 1994 192 2031; x_wconf 85' lang='lat' dir='ltr'>tiam,</span> <span class='ocrx_word' id='word_1_416' title='bbox 217 1997 249 2024; x_wconf 85' lang='lat' dir='ltr'>et</span> <span class='ocrx_word' id='word_1_417' title='bbox 272 1994 326 2035; x_wconf 93' lang='lat' dir='ltr'>qui</span> <span class='ocrx_word' id='word_1_418' title='bbox 349 1994 454 2024; x_wconf 87' lang='lat' dir='ltr'>affluit</span> <span class='ocrx_word' id='word_1_419' title='bbox 477 1992 668 2035; x_wconf 60' lang='lat' dir='ltr'>prudentia.</span> <span class='ocrx_word' id='word_1_420' title='bbox 695 2001 726 2023; x_wconf 89' lang='lat' dir='ltr'>et</span> <span class='ocrx_word' id='word_1_421' title='bbox 750 1993 847 2034; x_wconf 89' lang='lat' dir='ltr'>paulo</span> <span class='ocrx_word' id='word_1_422' title='bbox 864 1999 948 2034; x_wconf 85' lang='lat' dir='ltr'>post:</span> <span class='ocrx_word' id='word_1_423' title='bbox 975 1992 1068 2023; x_wconf 79' lang='lat' dir='ltr'>&#39;Viae</span> <span class='ocrx_word' id='word_1_424' title='bbox 1087 1993 1157 2023; x_wconf 86' lang='lat' dir='ltr'>eius</span> <span class='ocrx_word' id='word_1_425' title='bbox 1176 1993 1248 2023; x_wconf 85' lang='lat' dir='ltr'>viae</span> <span class='ocrx_word' id='word_1_426' title='bbox 1271 1992 1425 2033; x_wconf 86' lang='lat' dir='ltr'>pulchrae</span> <span class='ocrx_word' id='word_1_427' title='bbox 1444 1997 1475 2023; x_wconf 90' lang='lat' dir='ltr'>et</span> <span class='ocrx_word' id='word_1_428' title='bbox 1493 2003 1606 2023; x_wconf 78' lang='lat' dir='ltr'>ornnes</span> <span class='ocrx_word' id='word_1_429' title='bbox 1624 1992 1760 2023; x_wconf 85' lang='lat' dir='ltr'>semitae</span> 
     </span>
     <span class='ocr_line' id='line_1_43' title="bbox 107 2044 1760 2087; baseline -0.001 -10"><span class='ocrx_word' id='word_1_430' title='bbox 107 2046 177 2077; x_wconf 84' lang='lat' dir='ltr'>eius</span> <span class='ocrx_word' id='word_1_431' title='bbox 207 2045 373 2087; x_wconf 88' lang='lat' dir='ltr'>pacificae.</span> <span class='ocrx_word' id='word_1_432' title='bbox 420 2045 561 2087; x_wconf 86' lang='lat' dir='ltr'>Lignum</span> <span class='ocrx_word' id='word_1_433' title='bbox 586 2046 672 2076; x_wconf 84' lang='lat' dir='ltr'>vitae</span> <span class='ocrx_word' id='word_1_434' title='bbox 697 2050 747 2076; x_wconf 81' lang='lat' dir='ltr'>est</span> <span class='ocrx_word' id='word_1_435' title='bbox 775 2045 841 2077; x_wconf 75' lang='lat' dir='ltr'>his.</span> <span class='ocrx_word' id='word_1_436' title='bbox 875 2045 929 2086; x_wconf 90' lang='lat' dir='ltr'>qui</span> <span class='ocrx_word' id='word_1_437' title='bbox 954 2044 1230 2086; x_wconf 86' lang='lat' dir='ltr'>adprehenderint</span> <span class='ocrx_word' id='word_1_438' title='bbox 1255 2055 1341 2076; x_wconf 86' lang='lat' dir='ltr'>eam.</span> <span class='ocrx_word' id='word_1_439' title='bbox 1374 2049 1405 2074; x_wconf 88' lang='lat' dir='ltr'>et</span> <span class='ocrx_word' id='word_1_440' title='bbox 1430 2044 1483 2085; x_wconf 87' lang='lat' dir='ltr'>qui</span> <span class='ocrx_word' id='word_1_441' title='bbox 1508 2045 1651 2075; x_wconf 88' lang='lat' dir='ltr'>tenuerit</span> <span class='ocrx_word' id='word_1_442' title='bbox 1678 2055 1760 2076; x_wconf 89' lang='lat' dir='ltr'>eam.</span> 
     </span>
     <span class='ocr_line' id='line_1_44' title="bbox 106 2095 1577 2139; baseline -0.002 -10"><span class='ocrx_word' id='word_1_443' title='bbox 106 2097 242 2129; x_wconf 86' lang='lat' dir='ltr'>beatus&#39;.</span> <span class='ocrx_word' id='word_1_444' title='bbox 290 2098 441 2129; x_wconf 88' lang='lat' dir='ltr'>Humane</span> <span class='ocrx_word' id='word_1_445' title='bbox 466 2108 541 2129; x_wconf 87' lang='lat' dir='ltr'>vero</span> <span class='ocrx_word' id='word_1_446' title='bbox 567 2098 695 2128; x_wconf 83' lang='lat' dir='ltr'>animae</span> <span class='ocrx_word' id='word_1_447' title='bbox 720 2096 926 2139; x_wconf 81' lang='lat' dir='ltr'>pulchritudo</span> <span class='ocrx_word' id='word_1_448' title='bbox 952 2102 1001 2128; x_wconf 82' lang='lat' dir='ltr'>est</span> <span class='ocrx_word' id='word_1_449' title='bbox 1025 2101 1057 2127; x_wconf 90' lang='lat' dir='ltr'>et</span> <span class='ocrx_word' id='word_1_450' title='bbox 1081 2096 1181 2127; x_wconf 85' lang='lat' dir='ltr'>decus</span> <span class='ocrx_word' id='word_1_451' title='bbox 1206 2097 1388 2138; x_wconf 83' lang='lat' dir='ltr'>sapientiae</span> <span class='ocrx_word' id='word_1_452' title='bbox 1414 2095 1577 2127; x_wconf 76' lang='lat' dir='ltr'>studiuin&#39;.</span> 
     </span>
    </p>

    <p class='ocr_par' dir='ltr' id='par_1_13' title="bbox 105 2148 1761 2650">
     <span class='ocr_line' id='line_1_45' title="bbox 210 2148 1761 2192; baseline -0.002 -11"><span class='ocrx_word' id='word_1_453' title='bbox 210 2150 305 2181; x_wconf 87' lang='lat' dir='ltr'>Nunc</span> <span class='ocrx_word' id='word_1_454' title='bbox 329 2150 405 2192; x_wconf 88' lang='lat' dir='ltr'>quia</span> <span class='ocrx_word' id='word_1_455' title='bbox 431 2149 618 2180; x_wconf 86' lang='lat' dir='ltr'>sacerdotes</span> <span class='ocrx_word' id='word_1_456' title='bbox 645 2149 731 2179; x_wconf 86' lang='lat' dir='ltr'>estis.</span> <span class='ocrx_word' id='word_1_457' title='bbox 758 2148 902 2179; x_wconf 76' lang='lat' dir='ltr'>dicamus</span> <span class='ocrx_word' id='word_1_458' title='bbox 927 2148 1104 2179; x_wconf 67' lang='lat' dir='ltr'>breviterd:</span> <span class='ocrx_word' id='word_1_459' title='bbox 1129 2148 1282 2180; x_wconf 83' lang='lat' dir='ltr'>sacerdos</span> <span class='ocrx_word' id='word_1_460' title='bbox 1307 2159 1384 2190; x_wconf 87' lang='lat' dir='ltr'>ergo</span> <span class='ocrx_word' id='word_1_461' title='bbox 1409 2149 1435 2178; x_wconf 77' lang='lat' dir='ltr'>si</span> <span class='ocrx_word' id='word_1_462' title='bbox 1460 2148 1692 2190; x_wconf 84' lang='lat' dir='ltr'>predicationis</span> <span class='ocrx_word' id='word_1_463' title='bbox 1711 2153 1761 2178; x_wconf 89' lang='lat' dir='ltr'>est</span> 
     </span>
     <span class='ocr_line' id='line_1_46' title="bbox 111 2200 1759 2243; baseline -0.002 -10"><span class='ocrx_word' id='word_1_464' title='bbox 111 2202 259 2243; x_wconf 73' lang='lat' dir='ltr'>ignarus,</span> <span class='ocrx_word' id='word_1_465' title='bbox 295 2212 391 2243; x_wconf 88' lang='lat' dir='ltr'>quam</span> <span class='ocrx_word' id='word_1_466' title='bbox 425 2202 572 2232; x_wconf 82' lang='lat' dir='ltr'>clamoris</span> <span class='ocrx_word' id='word_1_467' title='bbox 603 2211 715 2231; x_wconf 78' lang='lat' dir='ltr'>vocem</span> <span class='ocrx_word' id='word_1_468' title='bbox 745 2201 879 2231; x_wconf 84' lang='lat' dir='ltr'>daturus</span> <span class='ocrx_word' id='word_1_469' title='bbox 909 2204 958 2231; x_wconf 82' lang='lat' dir='ltr'>est</span> <span class='ocrx_word' id='word_1_470' title='bbox 986 2211 1084 2242; x_wconf 88' lang='lat' dir='ltr'>preco</span> <span class='ocrx_word' id='word_1_471' title='bbox 1115 2204 1246 2231; x_wconf 77' lang='lat' dir='ltr'>mutus?</span> <span class='ocrx_word' id='word_1_472' title='bbox 1282 2201 1432 2242; x_wconf 81' lang='lat' dir='ltr'>preconis</span> <span class='ocrx_word' id='word_1_473' title='bbox 1464 2200 1583 2242; x_wconf 90' lang='lat' dir='ltr'>quippe</span> <span class='ocrx_word' id='word_1_474' title='bbox 1617 2200 1759 2230; x_wconf 83' lang='lat' dir='ltr'>officium</span> 
     </span>
     <span class='ocr_line' id='line_1_47' title="bbox 106 2251 1756 2297; baseline -0.002 -11"><span class='ocrx_word' id='word_1_475' title='bbox 106 2255 241 2297; x_wconf 87' lang='lat' dir='ltr'>suscipit</span> <span class='ocrx_word' id='word_1_476' title='bbox 269 2255 412 2296; x_wconf 89' lang='lat' dir='ltr'>quisquis</span> <span class='ocrx_word' id='word_1_477' title='bbox 445 2254 485 2285; x_wconf 85' lang='lat' dir='ltr'>ad</span> <span class='ocrx_word' id='word_1_478' title='bbox 519 2253 734 2285; x_wconf 87' lang='lat' dir='ltr'>sacerdotium</span> <span class='ocrx_word' id='word_1_479' title='bbox 768 2253 904 2284; x_wconf 85' lang='lat' dir='ltr'>accedit.</span> <span class='ocrx_word' id='word_1_480' title='bbox 960 2252 1025 2284; x_wconf 85' lang='lat' dir='ltr'>Sed</span> <span class='ocrx_word' id='word_1_481' title='bbox 1057 2264 1129 2284; x_wconf 86' lang='lat' dir='ltr'>cum</span> <span class='ocrx_word' id='word_1_482' title='bbox 1155 2257 1309 2294; x_wconf 77' lang='lat' dir='ltr'>pectore‘³</span> <span class='ocrx_word' id='word_1_483' title='bbox 1335 2264 1369 2283; x_wconf 92' lang='lat' dir='ltr'>se</span> <span class='ocrx_word' id='word_1_484' title='bbox 1396 2252 1435 2282; x_wconf 87' lang='lat' dir='ltr'>ad</span> <span class='ocrx_word' id='word_1_485' title='bbox 1462 2251 1657 2293; x_wconf 87' lang='lat' dir='ltr'>loquendum</span> <span class='ocrx_word' id='word_1_486' title='bbox 1683 2263 1756 2293; x_wconf 85' lang='lat' dir='ltr'>pre-</span> 
     </span>
     <span class='ocr_line' id='line_1_48' title="bbox 108 2304 1758 2350; baseline -0.003 -11"><span class='ocrx_word' id='word_1_487' title='bbox 108 2310 210 2350; x_wconf 82' lang='lat' dir='ltr'>parat,</span> <span class='ocrx_word' id='word_1_488' title='bbox 234 2307 293 2338; x_wconf 90' lang='lat' dir='ltr'>sub</span> <span class='ocrx_word' id='word_1_489' title='bbox 317 2310 438 2349; x_wconf 89' lang='lat' dir='ltr'>quanto</span> <span class='ocrx_word' id='word_1_490' title='bbox 463 2307 590 2338; x_wconf 89' lang='lat' dir='ltr'>cautele</span> <span class='ocrx_word' id='word_1_491' title='bbox 616 2305 722 2336; x_wconf 85' lang='lat' dir='ltr'>studio</span> <span class='ocrx_word' id='word_1_492' title='bbox 747 2305 914 2347; x_wconf 75' lang='lat' dir='ltr'>loquatur,</span> <span class='ocrx_word' id='word_1_493' title='bbox 939 2305 1109 2339; x_wconf 73' lang='lat' dir='ltr'>adtendat,</span> <span class='ocrx_word' id='word_1_494' title='bbox 1141 2316 1196 2340; x_wconf 75' lang='lat' dir='ltr'>nc,</span> <span class='ocrx_word' id='word_1_495' title='bbox 1229 2306 1253 2335; x_wconf 87' lang='lat' dir='ltr'>si</span> <span class='ocrx_word' id='word_1_496' title='bbox 1287 2304 1471 2335; x_wconf 86' lang='lat' dir='ltr'>inordinate</span> <span class='ocrx_word' id='word_1_497' title='bbox 1496 2304 1536 2334; x_wconf 89' lang='lat' dir='ltr'>ad</span> <span class='ocrx_word' id='word_1_498' title='bbox 1562 2304 1758 2345; x_wconf 85' lang='lat' dir='ltr'>loquendum</span> 
     </span>
     <span class='ocr_line' id='line_1_49' title="bbox 106 2356 1758 2401; baseline -0.003 -10"><span class='ocrx_word' id='word_1_499' title='bbox 106 2359 238 2401; x_wconf 77' lang='lat' dir='ltr'>rapitur,</span> <span class='ocrx_word' id='word_1_500' title='bbox 264 2360 382 2390; x_wconf 83' lang='lat' dir='ltr'>erroris</span> <span class='ocrx_word' id='word_1_501' title='bbox 407 2359 542 2390; x_wconf 83' lang='lat' dir='ltr'>vulnere</span> <span class='ocrx_word' id='word_1_502' title='bbox 567 2358 767 2389; x_wconf 87' lang='lat' dir='ltr'>audientium</span> <span class='ocrx_word' id='word_1_503' title='bbox 793 2356 891 2388; x_wconf 87' lang='lat' dir='ltr'>corda</span> <span class='ocrx_word' id='word_1_504' title='bbox 908 2357 1074 2388; x_wconf 85' lang='lat' dir='ltr'>feriantur.</span> <span class='ocrx_word' id='word_1_505' title='bbox 1116 2357 1209 2388; x_wconf 89' lang='lat' dir='ltr'>Licet</span> <span class='ocrx_word' id='word_1_506' title='bbox 1226 2356 1317 2388; x_wconf 89' lang='lat' dir='ltr'>Deus</span> <span class='ocrx_word' id='word_1_507' title='bbox 1338 2361 1453 2387; x_wconf 89' lang='lat' dir='ltr'>natura</span> <span class='ocrx_word' id='word_1_508' title='bbox 1471 2367 1584 2387; x_wconf 90' lang='lat' dir='ltr'>omnes</span> <span class='ocrx_word' id='word_1_509' title='bbox 1602 2356 1758 2397; x_wconf 89' lang='lat' dir='ltr'>aequales</span> 
     </span>
     <span class='ocr_line' id='line_1_50' title="bbox 105 2406 1758 2450; baseline -0.003 -7"><span class='ocrx_word' id='word_1_510' title='bbox 105 2411 236 2449; x_wconf 85' lang='lat' dir='ltr'>fecerit,</span> <span class='ocrx_word' id='word_1_511' title='bbox 264 2406 385 2442; x_wconf 85' lang='lat' dir='ltr'>tamen</span> <span class='ocrx_word' id='word_1_512' title='bbox 405 2421 543 2442; x_wconf 80' lang='lat' dir='ltr'>necesse</span> <span class='ocrx_word' id='word_1_513' title='bbox 576 2414 639 2442; x_wconf 77' lang='lat' dir='ltr'>est.</span> <span class='ocrx_word' id='word_1_514' title='bbox 671 2414 706 2440; x_wconf 92' lang='lat' dir='ltr'>ut</span> <span class='ocrx_word' id='word_1_515' title='bbox 735 2413 878 2440; x_wconf 86' lang='lat' dir='ltr'>rectores</span> <span class='ocrx_word' id='word_1_516' title='bbox 908 2420 925 2439; x_wconf 87' lang='lat' dir='ltr'>a</span> <span class='ocrx_word' id='word_1_517' title='bbox 957 2409 1094 2440; x_wconf 76' lang='lat' dir='ltr'>subditis</span> <span class='ocrx_word' id='word_1_518' title='bbox 1126 2409 1320 2441; x_wconf 79' lang='lat' dir='ltr'>timeantur:</span> <span class='ocrx_word' id='word_1_519' title='bbox 1353 2408 1480 2450; x_wconf 81' lang='lat' dir='ltr'>quando</span> <span class='ocrx_word' id='word_1_520' title='bbox 1510 2408 1549 2438; x_wconf 92' lang='lat' dir='ltr'>ab</span> <span class='ocrx_word' id='word_1_521' title='bbox 1582 2408 1627 2439; x_wconf 85' lang='lat' dir='ltr'>eis</span> <span class='ocrx_word' id='word_1_522' title='bbox 1652 2408 1758 2439; x_wconf 89' lang='lat' dir='ltr'>Deum</span> 
     </span>
     <span class='ocr_line' id='line_1_51' title="bbox 106 2460 1757 2504; baseline -0.002 -9"><span class='ocrx_word' id='word_1_523' title='bbox 106 2463 239 2495; x_wconf 87' lang='lat' dir='ltr'>minime</span> <span class='ocrx_word' id='word_1_524' title='bbox 263 2463 378 2494; x_wconf 84' lang='lat' dir='ltr'>timere</span> <span class='ocrx_word' id='word_1_525' title='bbox 403 2462 661 2504; x_wconf 77' lang='lat' dir='ltr'>deprehendunt.</span> <span class='ocrx_word' id='word_1_526' title='bbox 686 2466 721 2492; x_wconf 91' lang='lat' dir='ltr'>ut</span> <span class='ocrx_word' id='word_1_527' title='bbox 746 2461 886 2492; x_wconf 88' lang='lat' dir='ltr'>humana</span> <span class='ocrx_word' id='word_1_528' title='bbox 911 2461 1017 2491; x_wconf 89' lang='lat' dir='ltr'>saltim</span> <span class='ocrx_word' id='word_1_529' title='bbox 1044 2461 1215 2492; x_wconf 89' lang='lat' dir='ltr'>formidine</span> <span class='ocrx_word' id='word_1_530' title='bbox 1242 2472 1378 2502; x_wconf 80' lang='lat' dir='ltr'>peccare</span> <span class='ocrx_word' id='word_1_531' title='bbox 1403 2464 1549 2491; x_wconf 82' lang='lat' dir='ltr'>metuant</span> <span class='ocrx_word' id='word_1_532' title='bbox 1573 2461 1627 2502; x_wconf 89' lang='lat' dir='ltr'>qui</span> <span class='ocrx_word' id='word_1_533' title='bbox 1651 2460 1757 2491; x_wconf 84' lang='lat' dir='ltr'>divina</span> 
     </span>
     <span class='ocr_line' id='line_1_52' title="bbox 107 2512 1756 2554; baseline -0.002 -8"><span class='ocrx_word' id='word_1_534' title='bbox 107 2515 226 2546; x_wconf 85' lang='lat' dir='ltr'>iudicia</span> <span class='ocrx_word' id='word_1_535' title='bbox 249 2525 313 2546; x_wconf 91' lang='lat' dir='ltr'>non</span> <span class='ocrx_word' id='word_1_536' title='bbox 338 2513 521 2545; x_wconf 85' lang='lat' dir='ltr'>formidant.</span> <span class='ocrx_word' id='word_1_537' title='bbox 567 2513 604 2544; x_wconf 93' lang='lat' dir='ltr'>In</span> <span class='ocrx_word' id='word_1_538' title='bbox 630 2524 668 2544; x_wconf 91' lang='lat' dir='ltr'>eo</span> <span class='ocrx_word' id='word_1_539' title='bbox 694 2513 796 2549; x_wconf 71' lang='lat' dir='ltr'>enim,</span> <span class='ocrx_word' id='word_1_540' title='bbox 827 2513 911 2554; x_wconf 89' lang='lat' dir='ltr'>quod</span> <span class='ocrx_word' id='word_1_541' title='bbox 935 2517 1080 2544; x_wconf 86' lang='lat' dir='ltr'>rectores</span> <span class='ocrx_word' id='word_1_542' title='bbox 1107 2517 1227 2543; x_wconf 85' lang='lat' dir='ltr'>metum</span> <span class='ocrx_word' id='word_1_543' title='bbox 1258 2513 1318 2543; x_wconf 80' lang='lat' dir='ltr'>sibi</span> <span class='ocrx_word' id='word_1_544' title='bbox 1350 2524 1367 2543; x_wconf 82' lang='lat' dir='ltr'>a</span> <span class='ocrx_word' id='word_1_545' title='bbox 1393 2523 1546 2553; x_wconf 79' lang='lat' dir='ltr'>perverse</span> <span class='ocrx_word' id='word_1_546' title='bbox 1572 2512 1756 2542; x_wconf 79' lang='lat' dir='ltr'>viventibus</span> 
     </span>
     <span class='ocr_line' id='line_1_53' title="bbox 108 2553 1758 2609; baseline -0.004 -10"><span class='ocrx_word' id='word_1_547' title='bbox 108 2568 254 2609; x_wconf 81' lang='lat' dir='ltr'>exigunt.</span> <span class='ocrx_word' id='word_1_548' title='bbox 279 2577 339 2598; x_wconf 86' lang='lat' dir='ltr'>ceu</span> <span class='ocrx_word' id='word_1_549' title='bbox 364 2577 426 2598; x_wconf 90' lang='lat' dir='ltr'>non</span> <span class='ocrx_word' id='word_1_550' title='bbox 451 2566 644 2597; x_wconf 84' lang='lat' dir='ltr'>hominibus.</span> <span class='ocrx_word' id='word_1_551' title='bbox 670 2565 727 2596; x_wconf 87' lang='lat' dir='ltr'>sed</span> <span class='ocrx_word' id='word_1_552' title='bbox 752 2565 946 2596; x_wconf 85' lang='lat' dir='ltr'>animalibus</span> <span class='ocrx_word' id='word_1_553' title='bbox 971 2553 1192 2596; x_wconf 75' lang='lat' dir='ltr'>dominantur.</span> <span class='ocrx_word' id='word_1_554' title='bbox 1226 2565 1299 2606; x_wconf 85' lang='lat' dir='ltr'>quia</span> <span class='ocrx_word' id='word_1_555' title='bbox 1334 2563 1484 2594; x_wconf 89' lang='lat' dir='ltr'>videlicet</span> <span class='ocrx_word' id='word_1_556' title='bbox 1513 2574 1554 2594; x_wconf 75' lang='lat' dir='ltr'>ex</span> <span class='ocrx_word' id='word_1_557' title='bbox 1578 2574 1641 2605; x_wconf 89' lang='lat' dir='ltr'>qua</span> <span class='ocrx_word' id='word_1_558' title='bbox 1667 2568 1758 2605; x_wconf 89' lang='lat' dir='ltr'>parte</span> 
     </span>
     <span class='ocr_line' id='line_1_54' title="bbox 105 2615 1757 2650; baseline -0.002 0"><span class='ocrx_word' id='word_1_559' title='bbox 105 2619 260 2650; x_wconf 82' lang='lat' dir='ltr'>bestiales</span> <span class='ocrx_word' id='word_1_560' title='bbox 291 2625 365 2650; x_wconf 88' lang='lat' dir='ltr'>suut</span> <span class='ocrx_word' id='word_1_561' title='bbox 390 2617 524 2649; x_wconf 85' lang='lat' dir='ltr'>subditi.</span> <span class='ocrx_word' id='word_1_562' title='bbox 556 2629 597 2648; x_wconf 84' lang='lat' dir='ltr'>ex</span> <span class='ocrx_word' id='word_1_563' title='bbox 628 2628 666 2648; x_wconf 85' lang='lat' dir='ltr'>ea</span> <span class='ocrx_word' id='word_1_564' title='bbox 689 2617 810 2648; x_wconf 88' lang='lat' dir='ltr'>debent</span> <span class='ocrx_word' id='word_1_565' title='bbox 834 2617 932 2648; x_wconf 87' lang='lat' dir='ltr'>etiam</span> <span class='ocrx_word' id='word_1_566' title='bbox 961 2616 1121 2648; x_wconf 88' lang='lat' dir='ltr'>formidini</span> <span class='ocrx_word' id='word_1_567' title='bbox 1147 2617 1252 2647; x_wconf 88' lang='lat' dir='ltr'>iacere</span> <span class='ocrx_word' id='word_1_568' title='bbox 1279 2616 1448 2647; x_wconf 82' lang='lat' dir='ltr'>substrati.</span> <span class='ocrx_word' id='word_1_569' title='bbox 1495 2615 1598 2646; x_wconf 79' lang='lat' dir='ltr'>Vobis</span> <span class='ocrx_word' id='word_1_570' title='bbox 1623 2616 1757 2646; x_wconf 87' lang='lat' dir='ltr'>dicitur:</span> 
     </span>
    </p>
   </div>
   <div class='ocr_carea' id='block_1_12' title="bbox 1205 2680 1284 2681">
    <p class='ocr_par' dir='ltr' id='par_1_14' title="bbox 1205 2680 1284 2681">
     <span class='ocr_line' id='line_1_55' title="bbox 1205 2680 1284 2681; baseline 0 0"><span class='ocrx_word' id='word_1_571' title='bbox 1205 2680 1284 2681; x_wconf 95' lang='lat' dir='ltr'> </span> 
     </span>
    </p>
   </div>
   <div class='ocr_carea' id='block_1_13' title="bbox 209 2713 1759 2800">
    <p class='ocr_par' dir='ltr' id='par_1_15' title="bbox 209 2713 1759 2800">
     <span class='ocr_line' id='line_1_56' title="bbox 209 2713 1485 2749; baseline -0.004 -8"><span class='ocrx_word' id='word_1_572' title='bbox 209 2717 233 2747; x_wconf 73' lang='lat'>²)</span> <span class='ocrx_word' id='word_1_573' title='bbox 252 2724 327 2749; x_wconf 82' lang='lat' dir='ltr'>opere</span> <span class='ocrx_word' id='word_1_574' title='bbox 347 2716 373 2740; x_wconf 88' lang='lat' dir='ltr'>C.</span> <span class='ocrx_word' id='word_1_575' title='bbox 446 2715 469 2746; x_wconf 61' lang='lat' dir='ltr'>h)</span> <span class='ocrx_word' id='word_1_576' title='bbox 489 2716 572 2748; x_wconf 81' lang='lat' dir='ltr'>arripe</span> <span class='ocrx_word' id='word_1_577' title='bbox 593 2715 662 2747; x_wconf 60' lang='grc' dir='ltr'>Γαίῃ.</span> <span class='ocrx_word' id='word_1_578' title='bbox 735 2718 757 2743; x_wconf 77' lang='lat' dir='ltr'>c)</span> <span class='ocrx_word' id='word_1_579' title='bbox 779 2716 877 2740; x_wconf 81' lang='lat' dir='ltr'>extima</span> <span class='ocrx_word' id='word_1_580' title='bbox 897 2715 923 2739; x_wconf 79' lang='lat' dir='ltr'>C.</span> <span class='ocrx_word' id='word_1_581' title='bbox 997 2713 1021 2745; x_wconf 84' lang='lat' dir='ltr'>d)</span> <span class='ocrx_word' id='word_1_582' title='bbox 1041 2715 1152 2739; x_wconf 80' lang='lat' dir='ltr'>brebiter</span> <span class='ocrx_word' id='word_1_583' title='bbox 1168 2713 1193 2738; x_wconf 77' lang='lat' dir='ltr'>C.</span> <span class='ocrx_word' id='word_1_584' title='bbox 1265 2716 1288 2743; x_wconf 68' lang='grc' dir='ltr'>Θ)</span> <span class='ocrx_word' id='word_1_585' title='bbox 1309 2718 1395 2745; x_wconf 77' lang='lat' dir='ltr'>pector</span> <span class='ocrx_word' id='word_1_586' title='bbox 1410 2713 1485 2743; x_wconf 50' lang='lat' dir='ltr'>Off).</span> 
     </span>
     <span class='ocr_line' id='line_1_57' title="bbox 210 2763 1759 2800; baseline -0.003 -8"><span class='ocrx_word' id='word_1_587' title='bbox 210 2768 236 2800; x_wconf 83' lang='lat'>1)</span> <span class='ocrx_word' id='word_1_588' title='bbox 256 2766 308 2798; x_wconf 87' lang='lat' dir='ltr'>Qui</span> <span class='ocrx_word' id='word_1_589' title='bbox 322 2767 383 2792; x_wconf 80' lang='lat' dir='ltr'>vult</span> <span class='ocrx_word' id='word_1_590' title='bbox 437 2767 482 2792; x_wconf 79' lang='lat' dir='ltr'>vix</span> <span class='ocrx_word' id='word_1_591' title='bbox 493 2766 621 2799; x_wconf 74' lang='lat' dir='ltr'>graditur</span> <span class='ocrx_word' id='word_1_592' title='bbox 632 2775 663 2792; x_wconf 69' lang='lat' dir='ltr'>az</span> <span class='ocrx_word' id='word_1_593' title='bbox 674 2767 781 2792; x_wconf 71' lang='lat' dir='ltr'>Ale-riui</span> <span class='ocrx_word' id='word_1_594' title='bbox 793 2766 858 2792; x_wconf 76' lang='lat' dir='ltr'>libro</span> <span class='ocrx_word' id='word_1_595' title='bbox 871 2766 906 2791; x_wconf 77' lang='lat' dir='ltr'>ad</span> <span class='ocrx_word' id='word_1_596' title='bbox 922 2766 1028 2792; x_wconf 78' lang='lat' dir='ltr'>Widon.</span> <span class='ocrx_word' id='word_1_597' title='bbox 1047 2766 1130 2791; x_wconf 77' lang='lat' dir='ltr'>comit.</span> <span class='ocrx_word' id='word_1_598' title='bbox 1151 2773 1170 2790; x_wconf 87' lang='lat' dir='ltr'>c.</span> <span class='ocrx_word' id='word_1_599' title='bbox 1185 2769 1200 2790; x_wconf 85' lang='lat'><em>5</em></span> <span class='ocrx_word' id='word_1_600' title='bbox 1217 2764 1296 2797; x_wconf 69' lang='lat' dir='ltr'>(Opp,</span> <span class='ocrx_word' id='word_1_601' title='bbox 1312 2764 1350 2791; x_wconf 84' lang='lat' dir='ltr'>H.</span> <span class='ocrx_word' id='word_1_602' title='bbox 1367 2765 1429 2795; x_wconf 76' lang='lat'><em>130),</em></span> <span class='ocrx_word' id='word_1_603' title='bbox 1449 2764 1480 2794; x_wconf 82' lang='lat' dir='ltr'>cf.</span> <span class='ocrx_word' id='word_1_604' title='bbox 1505 2764 1535 2788; x_wconf 61' lang='lat' dir='ltr'>Is.</span> <span class='ocrx_word' id='word_1_605' title='bbox 1556 2763 1626 2789; x_wconf 67' lang='lat' dir='ltr'>Seni.</span> <span class='ocrx_word' id='word_1_606' title='bbox 1646 2764 1661 2789; x_wconf 82' lang='grc' dir='ltr'>Ι,</span> <span class='ocrx_word' id='word_1_607' title='bbox 1673 2765 1689 2788; x_wconf 91' lang='grc' dir='ltr'>Ι.</span> <span class='ocrx_word' id='word_1_608' title='bbox 1709 2766 1724 2795; x_wconf 65' lang='grc'><em>5</em></span> <span class='ocrx_word' id='word_1_609' title='bbox 1736 2768 1759 2790; x_wconf 83' lang='lat'>2.</span> 
     </span>
    </p>
   </div>
   <div class='ocr_carea' id='block_1_14' title="bbox 106 2806 1761 2885">
    <p class='ocr_par' dir='ltr' id='par_1_16' title="bbox 106 2806 1761 2885">
     <span class='ocr_line' id='line_1_58' title="bbox 106 2806 1760 2844; baseline -0.002 -7"><span class='ocrx_word' id='word_1_610' title='bbox 106 2811 132 2842; x_wconf 80' lang='lat'>2)</span> <span class='ocrx_word' id='word_1_611' title='bbox 153 2810 249 2837; x_wconf 84' lang='lat' dir='ltr'>Omnis</span> <span class='ocrx_word' id='word_1_612' title='bbox 261 2824 291 2828; x_wconf 90' lang='lat'><strong>—</strong></span> <span class='ocrx_word' id='word_1_613' title='bbox 303 2810 379 2844; x_wconf 81' lang='lat' dir='ltr'>capit</span> <span class='ocrx_word' id='word_1_614' title='bbox 399 2818 431 2836; x_wconf 65' lang='lat' dir='ltr'>ex</span> <span class='ocrx_word' id='word_1_615' title='bbox 451 2810 486 2836; x_wconf 63' lang='lat' dir='ltr'>Is.</span> <span class='ocrx_word' id='word_1_616' title='bbox 506 2810 572 2836; x_wconf 64' lang='lat' dir='ltr'>Sem.</span> <span class='ocrx_word' id='word_1_617' title='bbox 593 2811 608 2836; x_wconf 89' lang='grc' dir='ltr'>Ι.</span> <span class='ocrx_word' id='word_1_618' title='bbox 625 2810 680 2836; x_wconf 90' lang='grc' dir='ltr'><em>ΙΙΙ,</em></span> <span class='ocrx_word' id='word_1_619' title='bbox 699 2820 719 2836; x_wconf 82' lang='lat' dir='ltr'>c.</span> <span class='ocrx_word' id='word_1_620' title='bbox 735 2814 752 2836; x_wconf 75' lang='grc'><em>8</em></span> <span class='ocrx_word' id='word_1_621' title='bbox 769 2812 785 2841; x_wconf 61' lang='grc' dir='ltr'>,φ’</span> <span class='ocrx_word' id='word_1_622' title='bbox 797 2813 819 2836; x_wconf 92' lang='lat'>3.</span> <span class='ocrx_word' id='word_1_623' title='bbox 834 2814 862 2839; x_wconf 75' lang='grc'>4,·</span> <span class='ocrx_word' id='word_1_624' title='bbox 885 2818 904 2836; x_wconf 84' lang='lat' dir='ltr'>c.</span> <span class='ocrx_word' id='word_1_625' title='bbox 919 2814 934 2836; x_wconf 84' lang='lat'><em>9</em></span> <span class='ocrx_word' id='word_1_626' title='bbox 951 2812 966 2841; x_wconf 55' lang='grc' dir='ltr'><em>ᾗ</em></span> <span class='ocrx_word' id='word_1_627' title='bbox 981 2815 1000 2836; x_wconf 85' lang='grc'>1.</span> <span class='ocrx_word' id='word_1_628' title='bbox 1016 2814 1030 2835; x_wconf 81' lang='grc'>·.)</span> <span class='ocrx_word' id='word_1_629' title='bbox 1047 2809 1128 2842; x_wconf 70' lang='grc' dir='ltr'><em>(ΟΡΡ,</em></span> <span class='ocrx_word' id='word_1_630' title='bbox 1148 2808 1193 2840; x_wconf 87' lang='lat' dir='ltr'>VI,</span> <span class='ocrx_word' id='word_1_631' title='bbox 1208 2811 1268 2833; x_wconf 60' lang='lat'>283.</span> <span class='ocrx_word' id='word_1_632' title='bbox 1283 2812 1352 2840; x_wconf 69' lang='lat'>290).</span> <span class='ocrx_word' id='word_1_633' title='bbox 1426 2808 1452 2832; x_wconf 76' lang='lat'>3·</span> <span class='ocrx_word' id='word_1_634' title='bbox 1473 2806 1592 2832; x_wconf 84' lang='lat' dir='ltr'>Proinde</span> <span class='ocrx_word' id='word_1_635' title='bbox 1611 2821 1638 2825; x_wconf 88' lang='lat'>—-</span> <span class='ocrx_word' id='word_1_636' title='bbox 1654 2807 1760 2841; x_wconf 72' lang='lat' dir='ltr'>sapien-</span> 
     </span>
     <span class='ocr_line' id='line_1_59' title="bbox 107 2850 1761 2885; baseline -0.002 -5"><span class='ocrx_word' id='word_1_637' title='bbox 107 2853 165 2881; x_wconf 76' lang='lat' dir='ltr'>tiae</span> <span class='ocrx_word' id='word_1_638' title='bbox 180 2853 303 2880; x_wconf 83' lang='lat' dir='ltr'>studium</span> <span class='ocrx_word' id='word_1_639' title='bbox 317 2862 349 2880; x_wconf 75' lang='lat' dir='ltr'>ex</span> <span class='ocrx_word' id='word_1_640' title='bbox 363 2854 467 2880; x_wconf 64' lang='lat' dir='ltr'>Alcvim&#39;</span> <span class='ocrx_word' id='word_1_641' title='bbox 480 2854 546 2879; x_wconf 75' lang='lat' dir='ltr'>libro</span> <span class='ocrx_word' id='word_1_642' title='bbox 558 2853 588 2879; x_wconf 82' lang='lat' dir='ltr'>dc</span> <span class='ocrx_word' id='word_1_643' title='bbox 601 2854 708 2879; x_wconf 64' lang='lat' dir='ltr'>ammae</span> <span class='ocrx_word' id='word_1_644' title='bbox 721 2854 823 2879; x_wconf 71' lang='lat' dir='ltr'>racione</span> <span class='ocrx_word' id='word_1_645' title='bbox 836 2862 857 2879; x_wconf 87' lang='lat' dir='ltr'>c.</span> <span class='ocrx_word' id='word_1_646' title='bbox 874 2858 906 2879; x_wconf 72' lang='lat'>1-1.</span> <span class='ocrx_word' id='word_1_647' title='bbox 923 2858 948 2880; x_wconf 82' lang='lat'>13</span> <span class='ocrx_word' id='word_1_648' title='bbox 963 2854 1056 2885; x_wconf 65' lang='lat' dir='ltr'>(snpra</span> <span class='ocrx_word' id='word_1_649' title='bbox 1073 2862 1097 2885; x_wconf 68' lang='lat' dir='ltr'>p,</span> <span class='ocrx_word' id='word_1_650' title='bbox 1112 2856 1158 2878; x_wconf 70' lang='lat'>475</span> <span class='ocrx_word' id='word_1_651' title='bbox 1177 2852 1223 2877; x_wconf 71' lang='lat' dir='ltr'>lin.</span> <span class='ocrx_word' id='word_1_652' title='bbox 1243 2856 1352 2876; x_wconf 37' lang='lat' dir='ltr'>mmlx:</span> <span class='ocrx_word' id='word_1_653' title='bbox 1370 2855 1413 2876; x_wconf 51' lang='grc' dir='ltr'>ἐτ’-ι</span> <span class='ocrx_word' id='word_1_654' title='bbox 1426 2855 1469 2883; x_wconf 85' lang='lat' dir='ltr'>ll),</span> <span class='ocrx_word' id='word_1_655' title='bbox 1489 2850 1533 2875; x_wconf 68' lang='lat' dir='ltr'>sed</span> <span class='ocrx_word' id='word_1_656' title='bbox 1547 2850 1639 2876; x_wconf 71' lang='lat' dir='ltr'>ordine</span> <span class='ocrx_word' id='word_1_657' title='bbox 1653 2851 1761 2877; x_wconf 72' lang='lat' dir='ltr'>inverso.</span> 
     </span>
    </p>
   </div>
   <div class='ocr_carea' id='block_1_15' title="bbox 1782 277 2013 308">
    <p class='ocr_par' dir='ltr' id='par_1_17' title="bbox 1782 277 2013 308">
     <span class='ocr_line' id='line_1_60' title="bbox 1782 277 2013 308; baseline -0.009 0"><span class='ocrx_word' id='word_1_658' title='bbox 1782 289 1807 308; x_wconf 85' lang='lat' dir='ltr'>c.</span> <span class='ocrx_word' id='word_1_659' title='bbox 1822 277 2013 307; x_wconf 69' lang='lat'>801-814?</span> 
     </span>
    </p>
   </div>
   <div class='ocr_carea' id='block_1_16' title="bbox 1774 1067 1897 1086">
    <p class='ocr_par' dir='ltr' id='par_1_18' title="bbox 1774 1067 1897 1086">
     <span class='ocr_line' id='line_1_61' title="bbox 1774 1067 1897 1086; baseline 0 0"><span class='ocrx_word' id='word_1_660' title='bbox 1774 1067 1836 1086; x_wconf 73' lang='lat' dir='ltr'>l&#39;rov.</span> <span class='ocrx_word' id='word_1_661' title='bbox 1848 1069 1867 1086; x_wconf 71' lang='grc'>4.</span> <span class='ocrx_word' id='word_1_662' title='bbox 1879 1069 1897 1086; x_wconf 56' lang='grc' dir='ltr'>ἢ.</span> 
     </span>
    </p>
   </div>
   <div class='ocr_carea' id='block_1_17' title="bbox 1774 1326 1901 1346">
    <p class='ocr_par' dir='ltr' id='par_1_19' title="bbox 1774 1326 1901 1346">
     <span class='ocr_line' id='line_1_62' title="bbox 1774 1326 1901 1346; baseline 0.008 -1"><span class='ocrx_word' id='word_1_663' title='bbox 1774 1326 1811 1345; x_wconf 64' lang='lat' dir='ltr'>lob</span> <span class='ocrx_word' id='word_1_664' title='bbox 1825 1329 1859 1346; x_wconf 66' lang='lat'>28.</span> <span class='ocrx_word' id='word_1_665' title='bbox 1870 1329 1901 1346; x_wconf 45' lang='lat'>23&lt;</span> 
     </span>
    </p>
   </div>
   <div class='ocr_carea' id='block_1_18' title="bbox 1772 1899 1872 1920">
    <p class='ocr_par' dir='ltr' id='par_1_20' title="bbox 1772 1899 1872 1920">
     <span class='ocr_line' id='line_1_63' title="bbox 1772 1899 1872 1920; baseline -0.01 -1"><span class='ocrx_word' id='word_1_666' title='bbox 1772 1899 1808 1919; x_wconf 54' lang='grc' dir='ltr'>ΡΞ.</span> <span class='ocrx_word' id='word_1_667' title='bbox 1823 1903 1839 1920; x_wconf 75' lang='grc'>1,</span> <span class='ocrx_word' id='word_1_668' title='bbox 1854 1901 1872 1918; x_wconf 72' lang='grc'>3.</span> 
     </span>
    </p>
   </div>
   <div class='ocr_carea' id='block_1_19' title="bbox 1772 1951 1916 1973">
    <p class='ocr_par' dir='ltr' id='par_1_21' title="bbox 1772 1951 1916 1973">
     <span class='ocr_line' id='line_1_64' title="bbox 1772 1951 1916 1973; baseline -0.007 -3"><span class='ocrx_word' id='word_1_669' title='bbox 1772 1951 1836 1970; x_wconf 56' lang='lat' dir='ltr'>Prffl‘.</span> <span class='ocrx_word' id='word_1_670' title='bbox 1851 1954 1870 1973; x_wconf 75' lang='grc'>3,</span> <span class='ocrx_word' id='word_1_671' title='bbox 1888 1952 1916 1971; x_wconf 77' lang='grc'>13.</span> 
     </span>
    </p>
   </div>
   <div class='ocr_carea' id='block_1_20' title="bbox 1772 2001 1919 2022">
    <p class='ocr_par' dir='ltr' id='par_1_22' title="bbox 1772 2001 1919 2022">
     <span class='ocr_line' id='line_1_65' title="bbox 1772 2001 1919 2022; baseline 0.007 -2"><span class='ocrx_word' id='word_1_672' title='bbox 1772 2001 1801 2021; x_wconf 62' lang='grc' dir='ltr'>ᾖ)Δ</span> <span class='ocrx_word' id='word_1_673' title='bbox 1813 2004 1831 2021; x_wconf 68' lang='grc'>3,</span> <span class='ocrx_word' id='word_1_674' title='bbox 1846 2003 1875 2022; x_wconf 79' lang='grc' dir='ltr'>Π.</span> <span class='ocrx_word' id='word_1_675' title='bbox 1888 2004 1919 2021; x_wconf 69' lang='grc'>18.</span> 
     </span>
    </p>
   </div>
  </div>
 </body>
</html>
