2089 3171
58 725 83 744 10

58 987 82 1005 15

56 1247 81 1267 20

55 1507 79 1526 25

54 1768 79 1787 30

54 2029 78 2049 :35

54 2289 80 2308 40

54 2549 79 2569 45

730 152 879 179 ALCVINI
899 152 1107 179 EPISTOLAE.
1137 155 1160 181 3.
1724 159 1760 188 21

112 240 325 272 ecelesiastici
349 250 444 281 quam
470 239 646 270 seculares.
695 239 760 270 Sed
784 239 1012 271 audientibus³
1044 241 1135 272 nobis
1166 243 1305 274 relatum
1329 247 1396 279 est,
1422 243 1507 285 quod
1532 244 1655 285 reliqua
1680 244 1763 274 vicia
1787 248 1846 279 78ss

110 304 174 325 non
201 293 333 324 minima
362 292 406 322 ibi
435 291 623 322 necessaria
655 295 747 322 erant
779 292 820 322 ad
849 292 1090 333 corrigendum,
1124 294 1215 336 quia,
1246 298 1281 326 ut
1311 296 1415 332 scitis,
1442 306 1461 326 a
1485 301 1633 337 tempore
1659 296 1762 326 sancti

112 345 264 386 Agustini
292 344 453 386 pontificis
484 342 634 374 sacerdos
667 343 834 374 Romanus
865 344 972 375 nullus
1003 345 1101 376 illucb
1131 347 1249 377 missus
1280 351 1330 378 est
1360 348 1422 378 nisi
1451 358 1519 378 nos.
1567 348 1763 388 Scripsimus

111 408 249 439 namque
275 396 453 438 capitulare
478 396 517 427 de
544 396 680 436 singulis
707 396 803 427 rebus
828 400 861 427 et
886 407 944 438 per
968 396 1112 427 ordinem
1131 402 1248 428 cuncta
1266 398 1462 430 disserentes
1480 400 1612 430 auribus
1637 399 1764 429 illorum

111 449 316 491 protulimus.
363 448 425 483 Qui
449 458 521 478 eum
545 448 630 478 omni
654 447 846 478 humilitatis
865 448 1066 479 subiectione
1085 453 1117 480 et
1135 449 1223 480 clara
1242 450 1407 482 voluntate
1426 455 1491 482 tam
1509 451 1763 482 admonitionem

108 504 251 531 vestram
276 510 371 541 quam
396 500 590 541 parvitatem
615 504 759 530 nostram
785 500 1014 541 amplexantes
1040 501 1283 542 spoponderunt
1309 512 1342 533 se
1368 503 1399 533 in
1425 503 1574 534 omnibus
1599 502 1763 534 oboedire.

109 552 200 583 Tunc
224 563 282 582 nos
307 551 463 593 epistolas
482 555 607 582 vestras
633 552 678 582 eis
705 551 896 582 tradidimus
915 552 1140 593 perlegendas,
1160 558 1381 585 contestantes
1401 565 1456 585 eos
1474 561 1540 585 tam
1558 555 1590 585 in
1615 565 1649 586 se
1668 565 1764 596 quam

108 605 141 636 in
165 604 303 636 subditis
327 608 455 635 sacrata
477 603 608 635 decreta
633 603 808 635 custodire.
855 603 948 635 Haec
979 614 1118 645 namque
1144 609 1218 636 sunt
1243 607 1402 647 capitula,
1433 617 1516 647 quae
1541 607 1604 637 illis
1628 606 1762 648 protuli-

109 667 181 687 mus
207 656 445 688 conservanda:

213 708 239 739 I.
263 709 370 739 Primo
400 709 542 739 omnium
573 707 801 745 admonentes,
838 711 872 738 ut
907 712 1019 739 sancta
1055 712 1086 739 et
1116 709 1269 740 inviolata
1304 709 1384 740 fides
1418 710 1534 741 Niceni
1565 710 1692 741 concilii
1723 710 1762 741 ab

108 760 267 799 omnibus,
293 761 345 802 qui
371 771 461 791 sacro
487 760 588 791 cultui
612 760 852 801 mancipantur,
882 759 1022 791 fideliter
1054 771 1090 791 ac
1115 760 1248 791 firmiter
1273 766 1423 792 teneatur
1455 766 1485 792 et
1511 762 1596 792 omni
1622 772 1705 792 anno
1731 762 1762 792 in

108 812 343 855 synodalibus*
368 813 534 844 conventis
568 812 607 843 ab
633 812 795 854 episcopis
821 813 1021 853 singularum
1053 812 1265 843 ecclesiarum
1301 813 1489 854 presbiteri,
1521 814 1575 855 qui
1608 814 1876 855 popululn·f‚115‚1‚

109 865 238 897 erudire
268 865 403 896 debent.
437 865 476 896 de
507 865 578 907 ipsa
608 864 670 896 fide
701 864 950 905 diligentissime
976 865 1205 895 examinentur
1229 865 1287 895 ita.
1312 869 1346 896 ut
1376 866 1585 907 apostolicam
1612 866 1707 897 fidem
1732 870 1763 896 et

108 917 340 949 universalium
371 927 428 947 sex
447 916 644 958 synodorum
669 927 726 957 per
745 915 901 957 Spiritum
926 920 1073 947 sanctum
1098 916 1276 958 probatam,
1303 917 1385 947 sicut
1410 917 1529 948 tradita
1553 921 1602 948 est
1627 918 1720 948 nobis
1746 929 1763 948 a

111 972 223 1000 sancta
239 968 388 1000 Romana
407 969 557 1001 ecclesia,
583 968 808 1003 confiteantur,
833 972 967 999 teneant
991 973 1023 999 et
1047 968 1237 1010 praedicent
1262 973 1303 1007 et,
1330 970 1355 1000 si
1374 975 1588 1012 opportunum
1607 971 1762 1008 evenerit,

107 1032 166 1063 pro
192 1032 231 1053 ea
254 1022 334 1053 mori
359 1032 421 1052 non
446 1021 679 1063 pertimescant
708 1024 740 1051 et
769 1030 981 1061 quoscunque
1013 1024 1124 1051 sancta
1148 1021 1349 1052 universalia
1374 1022 1512 1052 concilia
1537 1026 1763 1064 susceperunt,

108 1074 296 1115 suscipiant,
320 1077 353 1105 et
376 1084 457 1115 quos
482 1073 537 1104 illa
561 1072 807 1110 damnaverunt,
833 1077 906 1103 eosc
930 1083 984 1103 ore
1010 1076 1041 1103 et
1066 1072 1162 1103 corde
1188 1074 1324 1104 reiciant
1349 1078 1380 1105 et
1406 1074 1658 1116 condempnent.

212 1125 256 1156 Π.
281 1125 431 1156 Secundo
456 1125 597 1167 capitulo
623 1123 808 1162 docuimus,
836 1128 871 1154 ut
895 1123 1101 1165 baptismusd
1125 1124 1302 1155 secundum
1336 1126 1493 1156 canonica
1519 1130 1641 1157 statuta
1667 1136 1762 1157 exer-

108 1182 220 1210 ceatur
244 1182 276 1209 et
299 1188 364 1209 non
389 1177 451 1208 alio
470 1182 626 1219 tempore,
652 1177 715 1207 nisi
739 1187 795 1218 pro
822 1187 940 1217 magna
965 1178 1174 1215 necessitate,
1200 1181 1231 1208 et
1254 1181 1289 1208 ut
1314 1188 1426 1208 omnes
1451 1179 1650 1219 generaliter
1675 1189 1761 1220 sym-

107 1230 217 1262 bolum
243 1233 275 1261 et
298 1229 477 1261 orationem
502 1229 695 1260 dominicam
721 1229 834 1259 sciant.
872 1228 914 1259 Et
939 1229 996 1267 illi,
1022 1230 1075 1271 qui
1099 1230 1250 1272 parvulos
1283 1229 1322 1261 de
1349 1241 1440 1261 sacro
1467 1231 1554 1262 fonte
1581 1231 1763 1272 suscipiunt

107 1286 139 1313 et
162 1292 219 1324 pro
244 1293 309 1313 non
332 1282 539 1324 loquentibus
564 1281 765 1323 respondent
789 1281 1107 1313 abrenuntiationem
1138 1286 1273 1313 satanae
1297 1285 1329 1313 et
1352 1293 1486 1324 operum
1510 1293 1546 1313 ae
1571 1293 1762 1324 pomparum

107 1335 175 1365 eius
211 1345 269 1365 seu
298 1335 374 1366 fidei
402 1334 646 1371 credulitatem,
682 1334 786 1364 sciant
823 1344 857 1364 se
890 1333 1099 1365 fideiussores
1128 1334 1273 1375 ipsorum
1309 1345 1382 1365 esse
1414 1334 1453 1364 ad
1478 1334 1585 1365 Deum
1611 1345 1667 1376 pro
1692 1335 1763 1376 ipsa

106 1387 296 1428 sponsione,
328 1390 362 1417 ut
392 1386 468 1417 dum
492 1386 533 1416 ad
556 1385 793 1428 perfectionem
818 1386 956 1416 aetatise
982 1386 1145 1423 venerint,
1172 1385 1310 1416 doceant
1338 1396 1393 1416 eos
1418 1386 1598 1428 predictam
1624 1386 1761 1417 domini-

107 1449 179 1470 cam
203 1439 383 1470 orationem
415 1442 447 1469 et
475 1437 674 1479 symbolum,
706 1437 782 1478 quia
811 1438 874 1468 nisi
906 1438 1060 1475 fecerint,
1087 1437 1234 1468 districte
1260 1438 1300 1468 ab
1328 1439 1373 1470 eis
1399 1439 1569 1479 exigetur,
1596 1438 1679 1479 quod
1704 1449 1762 1480 pro

107 1502 173 1522 non
197 1490 403 1532 loquentibus
420 1489 492 1521 Deo
512 1489 739 1531 promittitu1·.*
779 1489 858 1520 Ideo
876 1490 1075 1531 generaliter
1092 1490 1178 1520 omni
1195 1490 1293 1530 vulgo
1312 1491 1507 1532 precipimus
1533 1490 1592 1521 hoc
1610 1491 1805 1528 memorie-f,
1824 1509 1866 1527 115,

106 1542 336 1575 commandari.

208 1594 271 1627 III.
295 1594 411 1626 Tercio
437 1604 587 1625 sermone
613 1594 865 1635 perstrinximus
898 1594 983 1624 omni
1013 1604 1097 1624 anno
1130 1594 1308 1625 secundum
1340 1594 1514 1625 canonicas
1540 1595 1761 1625 institutiones

105 1647 168 1679 duo
192 1647 305 1678 haberi
335 1646 486 1682 concilia,
516 1649 552 1677 ut
582 1647 665 1676 sicut
696 1646 770 1676 boni
795 1646 1009 1687 agricultores
1035 1645 1182 1677 sarculof
1210 1650 1382 1677 nascentes
1413 1647 1521 1688 spinas
1547 1646 1586 1677 de
1612 1647 1762 1678 cordibus

106 1699 363 1741 delinquentium
387 1698 540 1729 radicitus
566 1701 734 1738 amputare
759 1698 889 1729 valeant
914 1702 945 1729 et
970 1699 1195 1740 unusquisque
1222 1699 1394 1740 episcopus
1420 1699 1643 1740 parroechiam
1669 1710 1760 1729 suam

107 1751 193 1783 omni
218 1761 302 1782 anno
328 1751 430 1782 semel
455 1751 632 1782 circumeat
656 1750 831 1791 diligenter
855 1751 1085 1782 conventicula
1101 1761 1158 1792 per
1184 1751 1253 1781 loca
1272 1761 1415 1791 congrua
1433 1751 1672 1782 constituendo.
1699 1762 1760 1792 quo

106 1804 213 1834 cuncti
238 1803 411 1834 convenire
441 1803 587 1844 possintss
611 1802 651 1833 ad
676 1802 874 1833 audiendum
899 1803 1033 1834 verbum
1060 1802 1133 1840 Dei,
1160 1814 1198 1834 ne
1224 1804 1340 1844 aliquis
1366 1813 1423 1844 per
1448 1804 1595 1833 iniuriam
1622 1804 1761 1844 pastoris

104 1866 162 1898 per
186 1856 280 1887 devia
303 1855 478 1886 cuiuslibet
503 1856 704 1896 ignorantiae
730 1865 841 1886 errans
866 1856 1026 1897 rugientis
1052 1855 1154 1886 leonis
1179 1855 1340 1885 morsibus
1367 1855 1537 1885 invadatur
1562 1859 1593 1885 et
1617 1855 1761 1895 vigilanti

104 1918 182 1939 cura
205 1918 340 1949 gregem
365 1907 427 1938 sibi
452 1907 660 1938 commissum
689 1908 845 1948 predicet,
871 1908 1055 1943 confirmet,
1081 1908 1306 1938 incaestuosos
1332 1912 1476 1949 separet,
1504 1917 1662 1948 augures,
1687 1917 1760 1937 aru-

105 1959 234 2002 spieesh
260 1964 292 1991 et
315 1961 551 1996 incantatores,
577 1959 717 1998 divinos,
743 1960 923 1995 veneficos,
949 1960 1123 2000 sortilegos
1149 1959 1322 1990 coherceat
1347 1964 1378 1989 et
1403 1963 1520 1989 cuncta
1538 1959 1616 1989 vitia
1641 1958 1759 1989 demat.

106 2011 150 2043 Et
172 2023 212 2044 ne
238 2013 308 2054 quis
332 2013 433 2053 turpis
457 2012 537 2042 lucri
555 2012 670 2052 gratia,
696 2011 751 2042 sed
777 2023 834 2054 spe
858 2012 1018 2043 mercedis
1040 2015 1150 2049 eterne
1167 2021 1301 2052 gregem
1323 2011 1382 2041 sibi
1399 2011 1606 2041 commissum
1625 2021 1759 2052 pascere

105 2068 219 2106 querat
243 2067 275 2095 et
299 2064 385 2106 quod
409 2064 510 2105 gratis
539 2064 667 2105 accepit
697 2064 846 2094 omnibus
879 2065 980 2105 gratis
1005 2068 1152 2106 prestare
1177 2063 1320 2101 studeat,
1346 2066 1380 2093 ut
1404 2063 1570 2104 apostolus
1596 2066 1757 2104 protesta-
1770 2066 1798 2086 01⁶-
1809 2065 1885 2111 Rlnjssh·
1896 2069 1925 2090 10,

104 2119 165 2156 tur,
190 2116 316 2147 dicens:
341 2115 522 2147 ‘Testificor
545 2126 652 2146 coram
676 2115 748 2147 Deo
774 2120 806 2147 et
831 2116 962 2147 Christo
987 2116 1078 2154 Iesu,
1111 2116 1165 2158 qui
1194 2115 1395 2146 iudicaturus
1421 2118 1470 2146 est
1496 2115 1584 2146 vivos
1610 2119 1642 2145 ct
1674 2125 1758 2145 mor-

104 2171 177 2199 tuos
202 2171 235 2200 et
258 2173 335 2211 perc
358 2167 533 2199 adventum
561 2168 663 2209 ipsius
689 2171 721 2198 et
746 2178 883 2209 regnum
908 2167 993 2206 eius,
1018 2167 1152 2209 predica
1177 2168 1328 2201 verbum,
1362 2167 1448 2197 insta
1477 2170 1675 2208 opportune,
1701 2167 1759 2197 im-

104 2223 253 2262 portune,
278 2219 411 2261 argue,*
436 2219 590 2259 obsecra,
614 2220 747 2261 increpa
770 2220 803 2250 in
828 2220 912 2251 omni
937 2220 1101 2262 pacientia
1131 2223 1163 2251 et
1186 2218 1353 2257 doctrina',
1378 2219 1460 2249 sicut
1484 2219 1644 2260 propheta
1668 2218 1869 2256 dicit:·f,1151‚

107 2272 225 2315 ‘Super
246 2276 390 2304 montem
416 2273 581 2304 excelsum
606 2272 746 2303 ascende
771 2276 816 2311 tu,
842 2272 895 2314 qui
920 2273 1130 2313 evangelizas
1157 2270 1265 2313 Syon’,
1297 2271 1420 2302 scilieet
1449 2274 1484 2301 ut
1508 2271 1553 2301 ita
1578 2271 1823 2312 preliiineatffli,
1840 2290 1903 2311 40,9.

104 2325 220 2356 merito
249 2325 333 2356 sicut
360 2329 392 2356 et
419 2325 533 2366 gradu,
559 2328 591 2356 et
618 2335 658 2355 ne
684 2324 767 2356 forte
796 2324 915 2356 debeat
939 2335 957 2355 a
980 2324 1118 2355 docendi
1147 2324 1262 2354 timore
1290 2322 1452 2363 restringi,
1479 2322 1603 2353 audiat:
1631 2322 1825 2360 *Exaltaiffl

104 2377 138 2407 in
170 2376 358 2408 fortitudine
382 2388 494 2409 vocem
524 2381 612 2408 tuam
644 2381 676 2408 et
706 2377 770 2408 noli
795 2375 931 2408 timere'.
977 2376 1144 2414 Hieremie
1171 2386 1300 2417 quoque
1324 2375 1414 2406 dicit:
1446 2375 1601 2415 *Accinge
1632 2374 1760 2405 lumbos
1773 2391 1812 2411 ier.
1830 2394 1890 2415 1.1r-

103 2431 178 2460 tuos
210 2432 242 2460 et
270 2440 367 2471 surge
396 2433 449 2461 ete
477 2429 607 2471 loquere
645 2429 686 2460 ad
717 2440 788 2467 eos,
823 2439 863 2460 ne
893 2428 1048 2459 formides
1078 2439 1097 2459 a
1128 2428 1212 2459 facie
1238 2438 1365 2460 eorum.
1391 2438 1450 2457 nec
1477 2427 1562 2457 enim
1587 2427 1703 2457 timere
1728 2430 1760 2456 te

104 2480 222 2512 faciam
247 2481 371 2512 vultum
396 2480 528 2512 eorum'.
575 2481 652 2513 Heu
675 2492 733 2523 pro
758 2480 849 2511 dolor
873 2484 906 2512 et
929 2481 1024 2511 nimis
1049 2480 1156 2511 flenda
1173 2479 1338 2521 tepiditas,
1358 2478 1443 2520 quod
1460 2478 1551 2509 multi
1570 2479 1760 2509 estimantes

107 2532 229 2571 dicunt,
255 2533 341 2574 quod
357 2533 410 2564 vel
428 2544 537 2565 amore
554 2544 662 2565 rerum
680 2533 876 2564 secularium
893 2532 1105 2574 implicemini
1127 2532 1178 2562 vel
1204 2532 1312 2572 aliquo
1336 2530 1478 2561 facinore
1503 2530 1607 2561 territi
1625 2529 1759 2560 verbum

103 2585 252 2617 veritatis
281 2585 407 2627 aperire
439 2585 688 2618 confundemini.
743 2585 778 2616 Si
808 2585 958 2627 presules
991 2584 1203 2616 ecclesiarum
1238 2584 1335 2614 silent
1363 2586 1497 2624 propter
1524 2583 1674 2613 timorem
1706 2586 1762 2612 aut

1770 2139 1924 2163 2¹.T11u.4,1.2›.

207 2759 232 2785 3.
261 2762 283 2791 ²)
302 2760 472 2785 adicientibus
488 2760 510 2785 C
587 2759 611 2792 b)
632 2761 683 2785 illic
698 2762 719 2785 C
796 2760 819 2792 0)
839 2769 886 2785 om.
903 2761 924 2784 (J
1001 2758 1025 2789 d)
1046 2760 1204 2792 baptismum
1221 2760 1242 2782 (J
1319 2758 1341 2787 e)
1361 2762 1454 2792 etatem
1469 2758 1490 2781 C
1571 2757 1590 2789 s)
1610 2757 1712 2782 surculo
1734 2758 1761 2787 0,

104 2804 221 2829 surculos
242 2804 309 2829 Ceut.
417 2804 441 2834 8)
461 2805 541 2837 possit
556 2805 577 2828 C
645 2803 669 2836 ὓ)
688 2805 832 2836 arruspices
850 2808 875 2828 et
893 2804 1038 2828 incantores
1053 2804 1074 2827 C
