2089 3171
254 200 314 229 786

168 259 242 278 Manui.
255 261 273 282 6,
295 262 315 279 ’,ζ’Δ

161 320 189 338 cf.
199 319 225 338 l'>
242 322 314 341 1115Α

162 526 223 545 Prm:
235 530 266 546 20,
284 529 312 545 10.

201 577 234 596 l's.
250 581 277 600 ιιι,
294 581 312 597 8.

162 732 310 752 GenAA—ss.

177 936 230 956 Gen.
243 940 252 956 5·
259 953 263 958 .
279 939 310 957 24Δ

191 1040 196 1045 ”
206 1038 246 1058 mxl.
265 1042 308 1060 584.

165 1297 263 1318 (i011.2⁷‘l.
281 1300 310 1317 18.

192 1404 233 1423 lac.
244 1408 263 1428 2,
277 1407 308 1425 23.

195 1505 262 1525 ludic.
277 1508 308 1526 13.

155 1562 190 1582 PS.
199 1564 308 1585 75·,12.13.

154 1667 213 1687 Iiccl.
226 1672 245 1691 5,
260 1671 279 1689 ³.
289 1671 306 1689 5.

183 1716 240 1736 liccl.
253 1719 262 1737 ,²1
272 1732 276 1739 ,
288 1718 306 1736 4.

155 1923 181 1943 cf.
192 1923 252 1943 Rom.
261 1928 280 1944 2¹,
288 1926 305 1943 5-

171 1975 232 1994 1’11ι1·.
244 1979 260 1996 1,
275 1978 307 1996 26.

164 2076 190 2095 P<
199 2079 258 2099 .11.'·,
277 2079 306 2097 12,

154 2182 219 2201 Hebr-
232 2186 262 2206 10,
275 2184 311 2203 31.

329 118 368 147 26
927 115 994 141 ALC
1001 115 1077 140 VINI
1096 113 1304 140 EPISTOLAE.
1341 114 1365 139 3.

327 203 386 233 sibi
412 203 499 233 vivat
534 205 565 231 ct
591 202 796 242 elemosynas
827 201 946 231 tribuat
982 204 1013 232 et
1046 201 1150 241 magis
1181 212 1237 231 eas
1274 201 1305 230 in
1330 200 1526 231 absconditis
1551 200 1659 231 faeere
1686 200 1867 239 suasimus,
1904 201 1980 242 quia

327 255 481 295 scriptum
513 260 577 284 est:
616 253 707 283 ‘Cum
746 253 825 283 facis
863 253 1098 294 elemosynam.
1134 253 1201 283 noli
1227 253 1304 283 tuba
1330 263 1447 283 canere
1480 251 1632 284 1111101οἲ
1690 252 1814 283 Usuras
1852 263 1979 294 quoque

326 306 563 347 prohibuimus,
601 304 730 335 dicente
763 304 903 335 Domino
938 304 978 335 ad
1002 305 1125 335 David:
1160 305 1313 345 'Dignum
1347 305 1415 335 fore
1440 304 1658 335 habitatorem
1684 305 1887 335 tabernaculi
1919 305 1977 343 sui,

326 358 378 398 qui
410 358 578 399 pecuniam
611 367 700 386 suam
734 367 797 386 non
830 355 955 386 dederit
988 356 1027 386 ad
1058 356 1210 387 usuraml.
1257 356 1461 397 Augustinus
1487 367 1615 397 quoque
1647 357 1726 387 ait¹2
1761 356 1856 392 -Quia
1879 357 1978 387 habet

326 410 479 439 iniustum
505 409 628 439 lucrum
655 408 725 438 sine
751 408 835 438 iusto
860 407 987 438 damno.
1012 407 1088 440 ,Ubi
1107 409 1240 443 lucrum,
1266 408 1310 438 ibi
1329 408 1495 439 damnum:
1520 409 1641 438 lucrum
1667 408 1698 438 in
1717 419 1802 441 arca.
1827 408 1979 439 damnum

325 461 355 491 in
389 459 606 491 conscicntia'.
656 460 836 490 Statuimns
870 460 982 496 etiam,
1016 462 1050 489 ut
1075 470 1245 491 mensuras
1278 470 1397 500 aequas
1431 464 1462 490 ct
1488 460 1632 501 pondera
1661 460 1811 501 aequalia
1835 464 1979 492 statuant

325 513 488 543 otnnibns.
515 512 643 542 dicente
670 511 861 543 Salomone:
891 511 1036 542 ‘Pondus
1061 515 1093 542 et
1118 512 1260 553 pondus,
1285 523 1470 543 mensnram
1504 516 1535 543 et
1560 523 1747 543 mensuram
1774 512 1839 543 odit
1863 512 1977 544 Deus':

326 564 355 594 id
382 568 431 594 cst
455 575 493 594 ne
520 563 582 594 alio
601 564 671 604 quis
690 563 807 593 vendat
826 563 970 604 pondere
988 564 1039 594 vel
1056 574 1220 598 mensura,
1247 564 1309 594 alia
1335 568 1435 595 emat:
1463 565 1546 606 ‘quia
1571 564 1690 605 ubique
1708 564 1800 595 Deus
1818 564 1978 596 iusticiam

324 616 439 657 diligit,
466 621 497 646 ct
522 616 719 656 aequitatem
745 615 833 645 videt
859 616 966 646 vultus
992 614 1083 646 eins'.

427 667 553 697 XYIH.
589 667 757 698 Decimum
792 670 941 697 octavum
976 671 1081 708 caput.
1142 667 1191 698 De
1222 671 1295 698 voto
1329 668 1594 700 christianorum.
1630 672 1664 698 ut
1699 668 1855 709 impleant
1886 667 1976 700 illud.

323 719 456 760 Antiqui
488 729 626 760 namque
656 719 860 760 patriarchae
891 724 923 749 et
953 719 1131 760 prophetae
1158 730 1215 760 per
1240 719 1298 749 hoc
1324 720 1517 760 placuerunt
1541 720 1691 750 Domine.
1732 720 1816 750 Abel
1841 730 1979 761 namque

323 772 426 801 iustus
444 777 551 801 votum
572 770 659 801 fideli
684 771 790 801 animo
809 771 925 801 obtulit
949 770 988 801 (10
1014 770 1163 812 adipibus
1189 771 1270 801 suis:
1297 775 1328 801 et
1353 776 1444 811 grata
1469 772 1572 812 magis
1599 774 1689 801 erant
1707 770 1858 809 Domino,
1884 781 1980 812 quam

322 823 408 853 illius
439 822 605 864 parricide.
658 822 783 853 Idcirco
817 822 925 852 divino
956 823 1028 863 igne
1061 822 1152 853 Deus
1185 823 1367 864 absumpsit
1398 822 1588 853 holocausta
1618 827 1766 864 accepta.
1803 833 1865 853 non
1895 823 1980 854 bono

322 878 430 905 autem
456 875 561 905 animo
587 874 716 904 oblataa
741 875 954 915 contempsit.
989 879 1020 904 ct
1048 874 1168 905 idcirco
1195 886 1266 905 cum
1293 874 1523 905 maledictione
1549 874 1720 905 damnatus
1747 875 1826 905 iram
1852 875 1979 906 meruit.

324 926 432 957 Iunior
462 930 569 956 autem
603 927 688 956 fclici
721 927 876 967 martyrio
903 930 1076 957 coronatus
1102 931 1160 958 est.
1206 927 1432 957 Recordamini
1458 926 1585 961 Enoch,
1622 927 1675 968 qui
1701 930 1809 957 votum
1834 927 1920 957 vovit
1945 929 1978 958 et

322 978 471 1014 reddidit,
490 983 522 1008 et
541 979 651 1008 vivens
671 979 700 1008 in
720 989 857 1019 corpore
876 979 1053 1009 translatus
1073 982 1132 1009 est.
1171 978 1242 1009 Noe
1260 989 1398 1020 namque
1418 979 1521 1009 iustus
1540 985 1649 1009 votum
1668 979 1756 1008 vovit
1778 983 1809 1009 et
1830 978 1977 1016 reddidit,

322 1030 378 1060 *ct
403 1030 489 1060 solus
507 1031 647 1060 omnium
666 1030 831 1060 hominnm
858 1041 929 1060 cum
949 1035 1074 1072 septem
1101 1031 1162 1061 sibi
1186 1031 1364 1061 coniunctis
1390 1030 1429 1061 de
1455 1030 1573 1061 diluvio
1600 1030 1708 1061 mundi
1733 1030 1890 1061 liberatus
1919 1033 1978 1062 est.

321 1081 404 1116 Quid
436 1082 550 1123 loquar
584 1082 623 1112 de
650 1082 831 1113 Abraham.
869 1083 922 1123 qni
949 1087 1079 1113 caetera
1103 1086 1179 1113 vota
1205 1083 1293 1113 vovit
1329 1087 1361 1113 et
1396 1083 1534 1113 reddidit
1571 1086 1602 1113 et
1637 1083 1780 1113 decimas
1817 1082 1978 1114 sacerdoti

320 1133 562 1164 Melchisedech
597 1133 704 1164 dedit?
763 1134 812 1165 De
850 1134 998 1165 hostibus
1035 1145 1174 1175 namque
1210 1135 1435 1176 triumphavit:
1478 1135 1548 1165 ideo
1585 1135 1700 1165 meruit
1735 1134 1909 1166 Dominum
1946 1135 1978 1166 in

319 1184 475 1215 Trinitatc
493 1197 553 1216 non
575 1186 677 1216 solum
696 1186 841 1217 adorare.
867 1197 979 1217 verum
1006 1187 1103 1217 etiam
1128 1187 1160 1216 in
1186 1187 1360 1228 hospitium
1387 1188 1552 1228 suscipere
1577 1191 1609 1218 et
1628 1187 1850 1228 promissionis
1875 1187 1976 1217 filium

322 1237 361 1267 (10
388 1239 608 1278 nonagenaria
633 1238 772 1269 habere:
799 1244 830 1269 et
857 1249 950 1280 quem
977 1239 1205 1280 promissionis
1231 1239 1331 1269 filium
1351 1239 1516 1280 suscipere
1534 1240 1651 1269 meruit
1675 1233 1830 1279 (maXime
1849 1238 1978 1269 dicente

323 1288 474 1325 Domino,
501 1290 550 1320 ‘In
575 1290 668 1320 Isaac
688 1291 854 1321 vocabitur
880 1290 937 1321 tibi
963 1290 1084 1322 semen*
1112 1295 1143 1321 et
1169 1291 1216 1321 ‘In
1241 1292 1364 1322 semine
1390 1294 1445 1322 tuo
1471 1291 1705 1322 benedicentur
1729 1294 1979 1332 omnesgentes

322 1340 454 1381 terrae')
473 1342 577 1383 ipsum
597 1343 817 1383 promissionis
835 1343 934 1373 filium
953 1347 1095 1374 mactare
1114 1354 1174 1374 non
1194 1344 1309 1377 renuit,
1331 1354 1425 1385 quem
1444 1343 1554 1385 procul
1574 1342 1673 1373 dubio
1693 1347 1801 1374 tamen
1820 1343 1978 1374 victurum

321 1403 383 1423 non
402 1393 581 1425 diffidebat.
618 1393 694 1424 Ideo
713 1394 793 1425 fides
813 1394 1049 1436 cooperabatur
1067 1395 1220 1436 operibus
1238 1396 1323 1425 illins
1348 1399 1391 1426 *et
1411 1399 1594 1436 reputatum
1620 1399 1670 1425 cst
1695 1395 1740 1425 illi
1760 1395 1799 1426 ad
1817 1395 1977 1426 iusticiam

321 1449 353 1475 et
377 1445 498 1475 amicus
526 1445 586 1476 Dei
611 1446 794 1487 appellatus
820 1445 890 1477 est'.
940 1446 1035 1477 Iacob
1066 1458 1205 1488 namque
1232 1451 1340 1478 votum
1367 1448 1452 1477 vovit
1485 1452 1516 1477 et
1543 1446 1690 1479 reddidit.
1746 1447 1977 1478 Recordamini

321 1496 437 1527 Manoc
470 1497 509 1528 de
535 1498 600 1528 filia
631 1509 689 1529 sua
720 1502 751 1529 et
775 1499 930 1529 memoria
955 1499 1041 1529 illius
1072 1499 1103 1529 in
1129 1500 1363 1541 sempiternum
1397 1499 1466 1529 crit.
1525 1499 1630 1530 David
1655 1499 1815 1541 propheta
1839 1499 1978 1541 implens

320 1553 446 1584 votum,
484 1549 576 1580 nobis
602 1550 759 1591 praecipit
784 1551 913 1582 dicens:
947 1551 1083 1581 ‘Vovete
1109 1555 1141 1581 et
1165 1551 1292 1582 reddite
1318 1551 1447 1582 domino
1474 1551 1545 1582 Deo
1572 1556 1698 1589 vestm,
1725 1562 1837 1582 omnes
1862 1552 1916 1593 qui
1947 1552 1979 1582 in

321 1603 455 1633 circuitu
486 1603 554 1633 eius
584 1607 673 1635 sunt,
699 1603 813 1634 afferte
844 1614 978 1634 munera
996 1603 1130 1634 terribili
1157 1607 1187 1634 et
1212 1605 1240 1634 ei
1265 1604 1319 1644 qui
1337 1604 1443 1634 aufert
1460 1604 1608 1645 spiritum
1627 1604 1818 1646 principum,
1843 1604 1980 1635 terribili

321 1654 404 1695 apud
431 1665 543 1685 omnes
568 1665 664 1695 reges
689 1654 819 1686 terrae'.
868 1655 1022 1686 Salomon
1049 1666 1176 1697 quoque
1202 1657 1260 1687 ait:
1292 1656 1383 1687 ‘Cum
1409 1656 1527 1687 seceris
1553 1660 1674 1688 votum.
1700 1656 1819 1687 festina
1843 1656 1979 1688 reddere

321 1706 410 1741 illud,
436 1717 475 1736 ne
500 1707 583 1737 forte
608 1707 768 1738 Dominus
793 1708 950 1738 irascatur
973 1707 1053 1739 tibi'.
1101 1708 1185 1739 Item
1211 1709 1388 1750 scriptura:
1421 1707 1549 1739 Melius
1575 1712 1624 1739 est
1649 1719 1711 1739 non
1737 1719 1855 1740 vovere
1881 1719 1977 1750 quam

320 1762 393 1799 post
417 1762 526 1789 votum
553 1769 615 1789 non
641 1759 799 1790 reddere'.
848 1759 943 1790 Unde
969 1760 1190 1793 obsecramus,
1216 1764 1250 1791 ut
1274 1761 1496 1802 unusquisque
1523 1760 1562 1791 ad
1580 1765 1721 1791 mentem
1739 1771 1830 1792 suam
1848 1764 1979 1792 revocet

320 1810 473 1851 quicquid
500 1811 530 1841 in
556 1812 773 1853 prosperitate
799 1815 831 1842 ct
856 1812 1006 1853 angustia
1025 1811 1095 1842 Deo
1114 1813 1211 1843 vovit.
1238 1823 1277 1843 ne
1303 1812 1408 1843 tardet
1427 1812 1562 1843 reddere
1589 1813 1677 1845 illud,
1703 1824 1742 1843 nc
1761 1813 1844 1843 forte
1862 1813 1977 1844 iterum

322 1863 352 1892 in
371 1863 530 1903 angustiis
555 1864 710 1905 implicati
730 1863 841 1894 audire
860 1865 1065 1894 mereamini:
1093 1864 1198 1900 Quod
1224 1864 1343 1895 dudum
1364 1865 1529 1906 pollicitus
1547 1871 1596 1895 est
1615 1865 1700 1901 mihi,
1726 1865 1881 1895 mentitus
1899 1863 1976 1896 est':

320 1914 359 1945 ad
380 1915 606 1946 ''servandam'’
628 1915 781 1946 duricicm
801 1920 888 1946 tuam
914 1920 946 1947 et
971 1928 1025 1946 cor
1045 1917 1260 1958 impoenitens
1279 1917 1507 1947 thesaurizasti
1531 1917 1588 1947 tibi
1615 1917 1691 1947 iram
1722 1917 1753 1947 in
1778 1917 1828 1948 die
1854 1917 1920 1948 irae
1945 1921 1978 1948 et

321 1967 527 1998 revelationis
553 1968 626 1998 iusti
652 1967 760 1998 iudicii
786 1967 869 2000 Dei'.
903 1968 990 1999 *Ideo
1018 1969 1048 1999 in
1075 1969 1206 1999 interitu
1226 1973 1332 2001 vestro
1358 1969 1469 2000 ridebo
1495 1974 1527 1999 et
1552 1969 1770 2001 subsannabo.
1796 1979 1866 1999 eum
1884 1969 1976 1999 vobis

319 2019 405 2060 quod
431 2020 598 2050 timebatis
623 2019 814 2051 advenerit'.
854 2020 940 2050 Nihil
968 2031 1106 2062 namque
1132 2021 1246 2051 (lamus
1271 2025 1326 2052 ant
1343 2021 1570 2062 promittimus.
1596 2021 1656 2051 nisi
1677 2020 1761 2062 qnod
1779 2021 1867 2063 prius
1885 2021 1977 2052 nobis

319 2071 418 2102 dedit.
466 2071 561 2102 Unde
593 2072 752 2113 propheta
782 2076 994 2113 compunctus
1026 2074 1085 2103 ait:
1121 2073 1214 2108 ’Quid
1249 2073 1425 2104 retribuam
1452 2072 1591 2103 Domino
1624 2084 1680 2114 pro
1714 2073 1863 2104 omnibus
1895 2083 1977 2115 quae

319 2123 467 2154 retribuit
485 2122 592 2153 n1ihi?'
632 2124 664 2154 Si
683 2124 752 2165 quis
770 2128 878 2155 autem
898 2125 1023 2156 voverit
1041 2129 1072 2155 et
1087 2125 1222 2156 reddere
1241 2125 1413 2157 distulerit.
1441 2136 1589 2156 veremur
1615 2136 1653 2155 ne
1671 2136 1813 2167 unquam
1832 2126 1976 2156 inlaesus

319 2175 445 2209 evadat,
472 2179 505 2205 ut
530 2175 650 2206 dictum
676 2178 740 2206 est:
767 2176 986 2207 'Hori-endum
1013 2181 1062 2208 est
1088 2177 1231 2208 incidere
1257 2178 1286 2207 in
1313 2188 1427 2208 manus
1453 2177 1514 2208 Dei
1540 2176 1686 2208 viventis'
1712 2181 1773 2208 etc.

423 2226 568 2257 XVIIII.
593 2227 764 2258 Decimum
790 2239 909 2259 nonum
936 2233 1043 2271 caput.
1095 2229 1332 2265 Anncxuimus,
1357 2233 1392 2260 ut
1417 2230 1640 2271 unusquisque
1659 2229 1763 2260 fidelis
1782 2229 1977 2261 christianus

319 2290 335 2309 11
362 2279 531 2310 catholicis
551 2280 625 2310 viris
645 2280 832 2322 exemplum
850 2282 1008 2323 accipiat:
1037 2285 1069 2312 et
1094 2281 1119 2311 si
1145 2281 1220 2322 quid
1245 2292 1285 2312 ex
1311 2282 1372 2312 ritu
1391 2292 1593 2322 paganorum
1615 2282 1780 2313 remansit.
1805 2282 1978 2319 avellatur,

319 2336 554 2367 contemnatur,
581 2332 749 2364 abiciatur.
799 2333 886 2363 Deus
912 2334 995 2364 enim
1021 2333 1170 2364 formavit
1200 2334 1363 2364 hominem
1395 2334 1564 2374 pulchrum
1591 2334 1620 2364 in
1649 2333 1764 2365 decore
1791 2338 1823 2365 et
1851 2335 1977 2376 specie:

318 2384 436 2424 pagani
456 2394 530 2413 vcro
550 2383 709 2414 diabolico
728 2385 883 2415 instinctu
909 2386 1079 2416 cicatrices
1098 2387 1281 2416 teterrimas
1300 2385 1609 2428 superimluxernut,
1635 2386 1762 2417 dicente
1782 2385 1975 2417 Prudentioz

661 2443 782 2474 ‘Tinxit
806 2448 838 2475 et
863 2445 1035 2476 innocuam
1060 2446 1195 2476 maculis
1223 2445 1428 2476 sordentibus
1454 2445 1628 2477 hu1nu1n'2.

421 2618 444 2641 3.
481 2618 505 2647 ¹¹)
525 2619 610 2642 ublato
634 2620 701 2644 Ceut.
809 2619 833 2650 b)
852 2620 994 2644 seeundum
1016 2619 1085 2651 l'ulgl.

425 2694 446 2722 1)
468 2694 558 2719 Sermo
586 2700 601 2717 S
622 2695 651 2719 dc
669 2695 755 2721 decem
774 2695 862 2728 plasll's
881 2698 902 2720 c!
921 2696 1068 2728 praeceptis
1091 2704 1111 2721 c.
1134 2700 1147 2722 7
1173 2700 1187 2725 ῥ’
1206 2702 1222 2720 ⁸
1241 2698 1319 2729 (ΟΜ).
1340 2697 1396 2722 cdd.
1422 2697 1554 2724 Benedict.
1576 2698 1604 2731 V,
1625 2699 1678 2730 44).
1783 2698 1811 2731 ⁴2)
1831 2697 1976 2723 Pmadentii

318 2735 470 2769 Diplychon
494 2737 516 2767 J,
534 2741 562 2763 .‘›'.·
587 2738 693 2764 finxit
713 2741 740 2764 et
760 2739 910 2765 innocuum
931 2739 1046 2765 maculis
1065 2739 1242 2766 sordentibus
1261 2740 1368 2766 Adam&

2006 676 2031 694 10

2006 934 2029 952 15

2005 1195 2030 1213 20

2004 1458 2028 1475 25

2005 1717 2030 1735 30

2005 1975 2028 1993 ³⁵

2003 2234 2029 2253 ⁴0

2001 2626 2026 2644 ⁴5·
