2089 3171
65 715 88 733 10

62 979 86 997 1⁵

60 1237 86 1256 20

60 1499 84 1518 25

59 2203 83 2222 ³5

60 2644 85 2662 45

261 155 460 182 EPISTOLAE
475 155 670 181 VARIORUM
690 155 832 182 CAROLO
852 155 982 181 MAGNO
1003 155 1202 182 REGNANTE
1221 157 1406 183 SCRIPTAE.
1443 158 1466 183 6.
1487 158 1510 183 7.
1701 160 1757 189 501

114 243 203 280 citet,
227 246 262 273 ut
286 242 327 273 ad
350 247 408 273 ea’
433 242 537 284 quaeb
562 242 752 283 cogentibus
777 242 867 273 vobis
893 243 1027 273 invitata
1053 247 1103 273 est
1126 244 1290 275 tenaciorc
1312 244 1414 274 vivaci
1441 254 1625 275 sermonum
1649 255 1760 275 narra·
1774 247 1870 276 c.775

113 295 202 325 tione
225 293 390 325 reddatur.

218 344 416 386 Conpulistis
441 346 524 376 enim
549 355 615 383 me.
641 349 675 376 ut
699 345 739 376 ad
763 356 907 376 normam
932 356 1058 383 eorum.
1090 357 1223 387 quorum
1249 352 1303 378 aut
1327 348 1414 378 vitae
1438 349 1661 379 castimoniam
1686 348 1762 379 aut<l

114 407 239 428 morum
257 397 503 428 sanctimoniam
521 397 622 427 sancti
638 397 751 438 procul
768 397 866 428 dubio
886 401 994 439 patres
1013 398 1184 439 elegantee
1203 399 1373 430 verborum
1391 400 1527 441 ambage
1553 401 1650 431 cartis
1674 401 1761 432 inse-

114 448 212 480 rendo
230 448 433 479 tradiderunt
449 467 490 470 —
507 447 691 490 petentibus
713 449 882 489 relegiosis
904 460 940 479 ac
958 449 1126 480 catholicis
1144 451 1229 487 viris.
1253 451 1370 492 quibus
1388 453 1439 482 vel
1457 453 1487 482 in
1506 452 1644 483 Tusciae
1662 453 1761 494 parti-

113 500 174 531 bus
198 500 249 531 vel
276 500 306 530 in
325 499 452 531 Galliae
469 500 614 531 terminis
631 501 683 531 vel
706 501 738 530 in
757 499 952 531 Germaniae
970 500 1110 531 aditibus
1134 506 1188 532 aut
1213 503 1311 533 etiam
1337 503 1367 533 in
1386 503 1585 534 Brittaniaef
1606 503 1763 534 limitibus

113 552 216 583 sancti
232 552 388 583 Bonifatii
405 553 554 593 martyris
572 552 658 582 fama
674 552 964 594 miraculorumque
981 553 1211 583 choruscatiog
1227 556 1421 596 perstrepuit
1440 574 1471 576 —
1494 556 1578 586 sicut
1595 555 1762 597 discipulis

114 604 182 634 eius
213 614 323 634 secum
353 604 406 634 diu
437 604 709 634 commorantibus
737 604 787 634 vel
818 604 910 634 vobis
940 605 1019 645 ipsis
1050 604 1267 635 referentibus
1299 607 1527 648 comperirem.
1560 607 1762 648 prohemium

112 655 320 696 mediumque
353 659 409 686 aut
437 656 533 686 finem
562 656 647 686 vitae
680 656 765 686 eius.
801 660 918 696 quanta
952 656 1080 686 valeam
1113 655 1337 697 indagatione.
1373 658 1489 688 litteris
1518 659 1669 690 inseram.
1722 658 1764 690 Et

116 706 398 748 quemadmodum,
423 708 546 749 primae
570 707 857 748 praevaricationis
883 707 1027 738 resoluto
1052 708 1223 748 cyrografo
1249 714 1280 739 et
1306 719 1402 740 verae
1426 710 1507 740 lucis
1534 710 1621 741 radio
1647 711 1762 742 inluci-

115 758 257 795 seenteh,
285 759 509 801 Aegesippus‚
542 759 595 800 qui
627 759 685 790 sub
710 759 893 789 Anacleto¹
918 759 1054 789 Romam
1078 760 1205 790 venisse
1230 760 1340 791 fertur.
1373 762 1515 802 quinque
1545 762 1764 793 aecclesiasti-

115 821 223 842 corum
247 815 375 841 actuum
400 811 498 841 libros
522 811 562 841 ob
587 810 802 841 utilitatemh*
826 812 1001 852 legentium
1021 811 1162 842 edidisse
1180 812 1388 853 perhibetur:
1413 813 1642 855 Eusebiusque
1661 813 1762 846 Cesa-

116 863 238 899 riensis.
263 863 542 893 nominatissimus
567 862 899 904 historiographorum
926 864 1073 905 scriptor,
1100 873 1170 894 cum
1196 863 1369 906 Pamphilo
1394 870 1535 906 martyre
1562 870 1594 896 et
1618 865 1763 896 adiutore

115 924 173 945 suo
207 924 338 945 suorum
375 913 501 955 sibique
537 914 799 946 antecedentium
831 919 1013 957 temporum
1049 915 1198 947 historias
1235 918 1316 948 mira
1349 918 1469 959 eloquii
1505 918 1765 949 dissertitudine*

113 971 281 1005 texentes,
318 966 440 997 infinita
477 967 605 1009 scriptis
642 968 804 1000 volumina
833 968 1039 1001 ediderunt²z
1075 979 1200 1000 necnon
1239 973 1271 999 et
1303 968 1493 1010 Gregorius.
1531 970 1584 1011 qui
1617 974 1686 1001 erat
1716 971 1765 1001 vir

114 1019 231 1050 beatae
255 1019 446 1053 memoriae,
477 1018 657 1050 litterarum
684 1019 799 1050 studiis
824 1021 1080 1052 eruditissimus.
1114 1021 1257 1062 glorioso
1283 1022 1484 1062 apostolicae
1510 1022 1597 1053 sedis
1624 1022 1764 1053 culmine

113 1070 312 1113 praesidens,
336 1070 505 1102 beatorum
531 1071 678 1102 scribens
696 1071 917 1103 confessorum
942 1073 1051 1103 vitam.
1079 1072 1285 1104 dialecticum
1311 1073 1391 1103 miro
1418 1073 1595 1104 ostendens
1614 1074 1763 1105 modera-

112 1123 198 1154 mine
231 1133 369 1153 morem.
405 1126 619 1164 quattuorque
654 1123 759 1164 logica
794 1125 956 1165 expressit
990 1125 1260 1156 ratiocinationek
1295 1125 1425 1156 libros3.
1462 1127 1515 1167 qui
1551 1127 1612 1157 huc
1650 1137 1764 1168 usque.

113 1174 345 1206 aecclesiarum
369 1173 496 1205 inserti¹
514 1174 732 1210 bibliothecis.
759 1175 1011 1216 elugubratamm
1029 1179 1170 1218 posteris
1195 1178 1353 1208 scientiae
1379 1177 1529 1208 adferunt
1552 1178 1761 1219 dignitatem:

114 1226 160 1257 ita
182 1226 271 1257 beati
295 1226 355 1256 viri
379 1227 478 1257 vitam
507 1227 756 1268 praecelsasque
786 1229 855 1259 eius
880 1229 1017 1259 virtutes
1043 1234 1075 1259 et
1100 1229 1221 1260 cultum
1247 1230 1399 1271 pietatis¹¹
1425 1234 1521 1271 atque
1546 1230 1765 1261 abstinentiae

111 1278 229 1309 robur⁰
252 1278 480 1320 praesentibus
509 1289 546 1309 ac
576 1282 649 1320 post
679 1280 837 1310 secuturis
869 1281 1008 1311 saeculis
1033 1281 1152 1312 iubetis
1184 1281 1416 1312 demonstrare.
1464 1282 1529 1313 Sed
1553 1283 1700 1324 quamvis
1725 1282 1765 1313 ad

112 1329 397 1361 demonstrandam
414 1334 577 1361 tantarum
596 1341 702 1361 rerum
721 1332 878 1363 rationem
897 1333 1050 1374 exiguum
1069 1344 1119 1364 me
1136 1344 1336 1375 parvumque
1356 1334 1443 1364 tieriP
1463 1338 1625 1365 auctorem
1644 1344 1763 1375 cogno-

110 1387 230 1421 scamq.
260 1386 383 1414 tamen.
414 1382 567 1423 exigente
592 1382 832 1414 benivolentiae
858 1390 986 1415 vestrae
1011 1385 1193 1416 voluntate.
1224 1385 1283 1416 hoc
1307 1385 1392 1426 quod
1417 1386 1648 1422 demandastis.
1676 1386 1765 1416 vobis

110 1433 323 1470 iuvantibus&
347 1444 412 1464 non
430 1434 578 1475 propriae
600 1436 874 1476 praesumptionis
898 1436 1094 1479 insonertias
1110 1437 1222 1468 fretus.
1249 1436 1306 1467 sed
1327 1437 1511 1468 adsertione
1530 1437 1764 1468 catholicorum

113 1486 263 1518 confisus.
288 1485 460 1526 adgrediar
477 1486 595 1527 opus4:
620 1497 725 1528 neque
744 1498 786 1518 ex
809 1488 1015 1530 parvitatisSis
1039 1499 1131 1520 meae
1149 1490 1222 1519 stilo
1246 1490 1394 1531 propriae
1414 1490 1533 1520 laudis‘
1558 1490 1764 1531 praeconium

112 1537 295 1579 requirens,
327 1537 383 1568 sed
415 1547 455 1568 ex
486 1542 618 1568 tantaeu
646 1539 691 1569 rei
723 1539 900 1570 relationev
925 1540 1125 1582 profuturum
1154 1540 1339 1582 legentibus
1370 1541 1530 1582 praebens
1561 1541 1765 1583 exemplum3

112 1588 188 1620 dum
210 1589 270 1620 hiis
288 1590 423 1631 quisque
440 1590 608 1620 instruitur
625 1590 768 1621 formulis
794 1597 826 1622 et
849 1591 888 1622 ad
914 1593 1045 1623 meliora
1064 1593 1226 1634 profectus
1251 1593 1298 1623 sui
1324 1593 1522 1634 perfectione
1540 1593 1765 1634 perduciturw.

931 1777 954 1797 Ι.

220 1823 413 1865 Catlmulfus
439 1824 551 1856 Can-olo
575 1825 594 1855 Ι
616 1824 812 1856 Francorum
839 1827 904 1865 reni
927 1826 1165 1865 Jffosperilalcm
1195 1827 1377 1865 manniatur
1403 1837 1530 1866 cumque
1553 1827 1596 1858 ad
1625 1828 1764 1858 virtutem

113 1874 300 1914 sequendam.
323 1876 476 1908 admouet.
1565 1890 1589 1911 c.
1608 1882 1626 1909 7
1629 1881 1679 1910 75.

220 1934 281 1961 Cod.
296 1935 442 1962 Parisinus
461 1937 506 1962 lat.
520 1940 552 1962 27
555 1940 569 1962 7
572 1940 585 1962 7
603 1936 665 1962 mbr.
684 1944 749 1962 saec.
764 1936 818 1962 IX.
837 1940 952 1970 &js—58,
972 1945 1046 1971 quem
1063 1937 1234 1963 contulerunt
1249 1938 1334 1971 Pem,
1355 1938 1426 1970 Jaffe'
1443 1941 1465 1964 et
1478 1939 1597 1971 Ζειιηιεν,
1616 1938 1648 1964 cle
1663 1947 1714 1971 quo
1733 1940 1767 1970 cf.

117 1977 264 2004 For-mulae
282 1978 322 2005 ed.
335 1979 447 2005 Zeumer
462 1988 490 2013 p.
504 1984 580 2006 493³.

216 2021 288 2048 Edd.
301 2022 441 2048 Duclaesne
459 2023 532 2049 Hist.
549 2022 650 2049 Frmw.
667 2023 718 2049 SS.
733 2023 772 2055 H,
785 2027 849 2055 665,-
875 2024 1025 2050 Delalaffle
1047 2025 1188 2051 Concilior.
1210 2025 1315 2051 Galliae
1333 2026 1460 2058 supplem.
1471 2035 1501 2059 p.
1515 2028 1622 2057 ‹Sl-83,
1647 2025 1766 2058 Bouquet

115 2064 226 2091 Remea
240 2065 269 2098 V,
284 2068 346 2099 634,-
364 2066 436 2098 Jaffc'
455 2066 523 2093 Bzm.
536 2074 585 2093 rer.
603 2066 752 2092 Germanic.
768 2067 823 2099 IV,
836 2070 891 2094 336.

214 2155 238 2183 ²)
257 2162 305 2178 om.
320 2153 347 2177 V.
418 2153 443 2186 b)
467 2154 503 2178 sic
530 2154 603 2178 codd.
618 2162 670 2185 pro
695 2155 728 2179 ad
755 2163 830 2186 quae:
859 2157 890 2187 '31'-
917 2155 1043 2189 Bong'falii
1067 2157 1144 2181 verba
1166 2157 1329 2181 Willibrordo
1354 2156 1437 2180 dicta:
1464 2162 1491 2181 ut
1516 2166 1554 2180 me
1579 2158 1609 2181 ad
1635 2157 1680 2180 has
1704 2165 1767 2188 quas

111 2196 203 2221 missus
221 2204 278 2220 sum
297 2200 376 2221 terras
394 2197 502 2229 diregas.
521 2197 547 2222 J.
618 2201 642 2228 c)
661 2206 751 2222 sensus
770 2198 831 2222 add.
847 2198 878 2223 B.
944 2198 968 2231 d)
987 2205 1013 2224 at
1032 2199 1062 2225 F.
1137 2202 1159 2222 ⁹¹·
1179 2200 1291 2232 eleganti
1310 2200 1342 2229 A.
1362 2199 1393 2224 B.
1412 2199 1437 2224 Γ.
1509 2198 1527 2224 s)
1548 2200 1677 2224 Britauiac
1692 2200 1725 2230 A,
1738 2199 1767 2224 Γ.

111 2239 136 2270 Β)
155 2239 298 2264 commeatio
311 2240 344 2270 A,
364 2239 388 2264 V.
456 2239 480 2270 ὓ)
500 2240 673 2265 inlucescente
688 2241 720 2271 A,
733 2241 765 2271 B,
784 2241 810 2265 Γ.
876 2241 919 2271 ¹¹⁹⁰)
940 2243 1050 2268 utilitate
1064 2243 1095 2267 F.
1159 2242 1176 2267 il
1196 2243 1373 2267 disertitudine
1388 2244 1419 2272 A,
1434 2243 1464 2273 Β,
1488 2243 1511 2266 Γ.
1579 2241 1603 2261 k*-
1624 2244 1719 2267 ratione
1734 2243 1766 2267 A.

111 2281 130 2313 ¹)
150 2282 246 2307 inserta
265 2282 298 2313 F,
316 2282 347 2306 B.
424 2284 455 2315 Φ)
475 2284 651 2308 elucubratam
672 2284 704 2315 A,
722 2283 749 2308 Γ.
821 2284 845 2315 ¹¹]
866 2286 954 2317 pietati
975 2286 1011 2310 F:
1040 2287 1140 2319 pietatis
1161 2287 1192 2316 A,
1212 2286 1243 2316 B,
1258 2286 1285 2310 Γ.
1363 2286 1386 2307 ΟἸ
1406 2287 1481 2310 robor
1501 2286 1532 2310 F.
1609 2286 1633 2318 1‘)
1653 2287 1712 2310 fiere
1732 2286 1769 2315 F,-

113 2334 148 2349 απ
171 2324 243 2350 fore?
261 2325 285 2349 J.
357 2326 382 2356 (1)
402 2335 537 2358 agnoscam
558 2328 590 2352 Α.
611 2327 635 2351 Γ.
706 2331 727 2354 Υ)
748 2329 898 2353 iubantibus
918 2329 955 2354 F:
980 2330 1130 2355 iubentibus
1149 2330 1181 2354 Β.
1252 2334 1271 2350 Si
1293 2330 1429 2354 insolentia
1450 2330 1482 2359 A,
1503 2330 1534 2360 B,
1552 2330 1578 2354 Γ.
1650 2330 1691 2358 ³³]
1713 2338 1768 2362 par-

113 2369 204 2393 vitates
223 2368 256 2394 F.
327 2369 347 2401 ²)
367 2369 432 2394 ludis
452 2369 484 2394 Γ.
556 2374 579 2399 ¹¹2¹
601 2375 671 2395 tanta
690 2370 722 2395 F.
794 2372 817 2401 v)
836 2372 924 2397 relatio
944 2373 974 2397 F.
1046 2378 1076 2400 w,
1096 2374 1237 2406 Explicit
1256 2374 1407 2405 prologus
1426 2373 1488 2397 add.
1504 2373 1535 2398 F.

218 2410 239 2436 ἶ.
277 2413 301 2442 ¹²)
320 2412 439 2437 Lemma:
459 2414 580 2445 Incipit
599 2415 739 2446 epistola
757 2415 794 2439 ad
813 2416 925 2441 domno
944 2417 1061 2441 carolo
1080 2426 1151 2449 rege
1172 2416 1198 2441 C.

218 2464 241 2493 l)
267 2462 448 2496 Hieronymus
473 2463 504 2488 de
529 2464 591 2489 viris
615 2464 763 2490 *illustribus
785 2474 806 2491 e.
821 2470 852 2491 22
875 2466 956 2499 (Opp.
976 2466 1014 2493 ed.
1034 2466 1182 2492 Vnam-sius
1197 2467 1236 2499 II,
1249 2471 1323 2500 850).·
1351 2467 1525 2501 Hegesippus
1546 2489 1550 2494 .
1573 2489 1578 2493 .
1599 2489 1603 2493 .
1624 2468 1767 2501 multaque

113 2504 146 2529 ad
167 2504 321 2531 utilitatem
347 2506 499 2539 legentium
527 2507 697 2540 pertinentia
721 2516 905 2542 congregans.
930 2509 1054 2543 quinque
1079 2510 1163 2541 libros
1188 2511 1352 2544 composuit.
1396 2511 1512 2539 Assoi-it.
1537 2520 1564 2536 se
1585 2511 1691 2537 venisse
1717 2511 1767 2537 sub

112 2547 256 2574 Aniceto
280 2549 404 2575 Romam.
498 2552 525 2582 2)
546 2549 726 2584 Hieronymus
745 2551 760 2576 l.
774 2552 789 2577 I.
807 2560 825 2578 e.
840 2556 871 2578 81
895 2552 974 2587 (Opp.
998 2553 1035 2585 ΙΙ,
1056 2556 1130 2584 906);
1160 2553 1295 2580 Eusebius
1320 2554 1470 2580 Caesareae
1495 2555 1641 2588 episeopus
1661 2576 1666 2581 .
1688 2577 1692 2581 .
1714 2577 1719 2581 .
1740 2558 1767 2581 et

115 2590 300 2617 bibliothecae
325 2591 437 2618 divinae
461 2602 523 2618 cum
549 2593 696 2628 Pamphilo
719 2596 840 2628 martyre
865 2596 1098 2630 diligentissimus
1126 2597 1338 2631 pervestigator.
1370 2597 1458 2622 edidit
1484 2598 1592 2623 infinita
1617 2598 1768 2624 volumina.

113 2634 141 2666 3)
159 2633 336 2668 Dialoymmm
355 2635 433 2661 libros
452 2635 502 2662 IV.
573 2637 599 2669 4)
621 2636 658 2668 Cf.
676 2637 772 2663 Passio
796 2638 822 2665 S.
843 2639 980 2672 Bonifatii
1004 2641 1087 2672 (Jaffe'
1109 2641 1176 2666 Bibl.
1192 2641 1248 2673 III,
1263 2643 1335 2674 480:
1361 2641 1460 2667 Postea
1481 2641 1568 2673 igitur
1578 2641 1768 2674 Willybaldus

113 2677 200 2703 vitam
219 2679 513 2713 conversationemque
535 2680 584 2706 viri
605 2681 662 2709 Dei,
682 2681 748 2714 quia
767 2682 858 2709 adhuc
878 2684 958 2709 inulti
978 2687 1148 2718 supereraut.
1170 2684 1217 2717 qni
1238 2684 1326 2709 cidem
1347 2684 1468 2717 passioni
1490 2684 1683 2711 interfuerunt.
1705 2694 1768 2711 eon-

111 2720 224 2755 scripsit
242 2721 270 2747 in
291 2722 351 2748 loco
365 2723 412 2756 qui
427 2723 530 2749 dicitur
544 2724 632 2750 sancti
647 2724 768 2751 Victoris
783 2726 905 2757 ecclesia,
926 2727 952 2752 in
968 2728 1092 2753 conclavi
1108 2728 1189 2753 unius
1203 2727 1331 2754 cubiculi.
1353 2727 1481 2761 primitus
1501 2728 1528 2753 in
1549 2728 1649 2753 ceratis
1663 2728 1767 2754 tabulis

111 2763 146 2789 ad
167 2764 362 2798 probationem
383 2766 475 2793 domni
490 2767 563 2793 Lulli
578 2769 605 2793 ct
619 2767 800 2801 Megingaudi
821 2772 848 2795 et
868 2773 931 2804 post
951 2780 1044 2797 eorum
1061 2771 1296 2797 examinationem
1317 2771 1344 2796 iu
1366 2771 1539 2804 pergamenis
1555 2771 1767 2799 rescribendum.

112 2815 146 2833 ne
165 2807 232 2841 quid
252 2808 365 2835 incaute
386 2810 427 2835 vel
448 2811 615 2844 superfluum
636 2813 780 2838 exaratum
799 2816 954 2846 appareret.
