2089 3171
53 735 78 752 lu

55 996 77 1014 15

55 1255 80 1274 2⁰

55 1515 80 1535 25

57 1775 82 1794 30

56 2036 80 2055 35

57 2311 82 2331 40

58 2533 84 2552 45

59 2768 85 2786 50

688 168 837 195 ALCVINI
856 167 1066 194 EPISTOLAE.
1101 167 1159 193 ⁴257.
1689 167 1749 196 415

104 258 174 288 laus
200 260 231 287 et
254 257 356 288 fides³
381 257 561 299 sapientiae
586 256 818 298 sapientissimi
841 255 1004 286 hominum
1031 255 1222 296 probaretur
1246 254 1375 286 iudicio.
1421 253 1488 284 Nec
1514 253 1665 284 videlicet
1689 253 1751 283 alio
1785 251 1846 282 802

104 309 269 350 quolibetb
286 312 414 340 vestrae
439 309 617 350 imperialis
642 307 824 339 maiestatis
850 317 983 338 munere
1009 306 1190 347 digniorem
1219 306 1433 337 aestimabam
1459 306 1666 347 sapientiam:
1691 315 1752 336 nec

105 360 203 391 alium
227 360 405 402 quemlibet
428 363 492 391 tam
518 360 691 391 excellenti
717 359 800 389 dono
817 359 849 388 in
874 358 1064 399 accipiendo
1089 368 1192 399 aeque
1218 358 1349 399 dignum
1376 358 1539 400 putabam.
1565 358 1639 388 dum
1664 357 1751 398 prin-

106 413 211 454 cipem
241 412 351 454 populi
380 412 565 442 christiani⁰
589 414 705 442 cuncta
735 411 817 442 scire
851 414 883 441 et
913 410 1103 451 praedicare
1137 420 1218 451 quae
1243 410 1314 440 Deo
1344 411 1495 451 placeant
1519 420 1655 441 necesse
1680 419 1752 440 esse

106 464 309 495 notissimum
344 468 402 495 est.
448 463 563 505 Neque
596 463 682 494 enim
717 473 912 504 quemquam
941 462 1043 503 magis
1073 461 1167 492 decet
1195 462 1246 492 vel
1277 462 1411 492 meliora
1443 473 1537 492 nosse
1569 462 1620 492 vel
1650 460 1752 502 plura.

105 526 200 557 quam
230 516 476 557 imperatorem.
513 516 604 546 cuius
635 514 801 546 doctrinad
834 514 981 545 omnibus
1017 516 1126 554 potest
1161 513 1316 554 prodesse
1349 513 1514 544 subiectis.
1571 512 1641 543 Non
1679 522 1750 553 quo.

103 569 277 610 imperator
309 568 428 598 invicte
458 572 490 598 et
521 567 781 609 sapientissimee
804 570 925 603 rector.
959 565 1098 607 aliquids
1122 565 1278 596 scientiae
1310 573 1436 595 vestrae
1468 565 1542 595 fidei
1574 564 1754 595 catholicae

105 620 302 661 incognitum
328 630 411 650 esse.
437 620 489 651 vel
506 620 609 650 minus
635 619 839 660 exploratum
863 618 1059 659 cogitarem.
1085 617 1143 648 scd
1167 620 1203 647 ut
1226 617 1289 647 mei
1314 618 1463 647 nominis.
1489 627 1550 658 quo
1576 628 1592 647 a
1619 616 1753 658 quibus-

105 672 179 703 dam
203 672 359 713 magister
383 672 458 702 licet
483 682 546 702 non
571 671 685 702 merito
710 670 858 703 vocabar.
884 670 1024 701 officium
1051 668 1278 700 ostenderem:
1304 679 1445 702 necnon,
1471 674 1504 699 ut
1529 669 1754 699 convincerem

106 735 172 763 eos,
197 724 249 766 qui
267 723 372 754 minus
396 723 474 755 utile
496 722 734 754 aestimabantg
758 726 900 753 vestram
925 721 1158 752 nobilissimam
1183 721 1397 751 intentionem
1421 719 1635 751 dialecticae¹¹
1659 720 1754 750 disci-

102 777 210 818 plinae
239 776 364 807 discere
388 776 472 807 velle
502 775 670 813 rationesi,
700 785 780 816 quas
808 775 924 806 beatus
948 772 1178 815 Augustinusk
1208 772 1239 803 in
1272 772 1362 803 libris
1392 772 1432 802 dc
1462 776 1574 803 sancta
1598 771 1755 802 Trinitatc

104 827 263 870 adprime¹
286 828 490 859 necessarias
516 838 587 859 esse
611 827 746 869 putavit.
772 827 847 858 dum
871 825 1141 868 profundissimas
1166 825 1206 856 de
1228 828 1341 856 sancta
1357 824 1515 855 Trinitate
1538 824 1755 866 quaestiones.

102 891 167 912 non
195 880 256 911 nisi
285 880 551 921 categoriarumm
576 879 776 911 subtilitaten
805 878 976 921 explanari
1010 888 1106 920 posse
1136 877 1316 919 probavit&
1371 875 1463 912 Quod
1494 877 1591 907 etiam
1622 877 1652 906 in
1681 879 1756 907 ante

104 933 292 964 nominato?
312 932 456 963 eiusdem
482 932 583 974 patris
609 933 763 974 opusculo
788 932 860 973 pius
887 934 917 962 ct
941 931 1078 962 devotus
1103 930 1275 971 inquisitor
1298 929 1395 960 facile
1421 929 1575 960 inveniet.
1601 929 1626 959 si
1652 928 1755 970 philo-

108 985 263 1027 sophiaeq
288 985 506 1026 cognitionem
530 985 562 1016 in
587 984 740 1015 discendo
764 984 885 1015 habere
910 994 973 1014 non
998 982 1170 1024 neglegitr.

207 1036 301 1068 Haec
330 1037 435 1068 omnia
464 1037 581 1068 devota
610 1037 727 1068 mentis
756 1037 843 1068 acieS
876 1035 1114 1067 considerans&
1139 1038 1285 1075 tempore
1316 1032 1542 1064 celeberrimiu
1568 1036 1757 1063 conventus.

105 1099 167 1130 quo
197 1086 385 1120 sacerdotes
414 1088 478 1120 Dei
511 1092 543 1120 et
573 1089 683 1131 populi
714 1088 958 1130 praedicatores
988 1087 1155 1117 christiani
1184 1086 1215 1116 111
1244 1090 1364 1116 unumv
1392 1084 1550 1126 imperiali
1582 1088 1757 1126 praecepto

105 1140 335 1177 conveniunt¹;
365 1151 429 1172 non
453 1141 597 1182 ignavaW
620 1145 656 1171 ut
678 1151 764 1175 reor,
789 1151 887 1183 opum
910 1139 1075 1182 ponderax
1099 1140 1131 1170 in
1155 1138 1301 1170 ratione—'f
1326 1137 1503 1168 catholicae
1528 1136 1604 1168 fidei
1629 1140 1757 1168 vestrae

107 1192 401 1224 excellentissimae
435 1193 621 1224 auctoritati
649 1192 780 1228 adtuliz,
819 1193 845 1224 si
874 1191 1051 1229 Dominus.
1088 1191 1141 1232 qui
1175 1191 1374 1222 voluntatem
1411 1189 1578 1220 (115001111ὶὸῑ
1613 1188 1757 1227 dederat.

108 1244 223 1286 spiritu
246 1244 370 1286 gratiae
396 1255 466 1282 cor.
499 1248 535 1276 ut
558 1244 597 1276 de
623 1245 691 1276 eius
716 1244 842 1276 confido
870 1243 1123 1280 misericordiab.
1158 1243 1189 1274 in
1219 1243 1386 1284 agnitione
1411 1242 1557 1273 veritatis
1587 1241 1759 1272 inlumina-

106 1297 219 1328 verit0.
265 1296 334 1327 Nec
357 1295 502 1338 aliquid‘l
526 1301 616 1328 mea⁰
640 1296 803 1328 invenires
825 1296 925 1327 valuit
949 1295 1088 1328 devotio.
1113 1294 1197 1336 quod
1222 1294 1379 1325 liberiuslg
1403 1293 1556 1325 adferret.
1581 1303 1640 1323 nec
1665 1302 1758 1333 rega-

105 1347 169 1379 lem
192 1347 443 1379 benivolentiam
466 1349 589 1390 gratius
614 1348 798 1390 accepisseh
823 1352 981 1390 putarem.
1029 1346 1127 1383 Quidi
1151 1346 1269 1378 exinde
1294 1346 1469 1383 efficerem.
1494 1349 1622 1376 vestrae
1640 1344 1758 1386 proba-

104 1400 204 1431 tionis
229 1400 404 1442 expectatk
426 1400 595 1436 iudicium.
627 1401 653 1431 si
679 1401 774 1442 digne
804 1411 896 1432 meus
930 1400 992 1431 iste
1024 1399 1116 1430 labor
1140 1399 1171 1429 in
1202 1398 1423 1429 sacerdotales
1448 1397 1627 1439 procedere
1653 1397 1760 1427 valeat

107 1462 212 1483 aures.
259 1452 363 1494 Ergo¹
386 1457 515 1484 vestrae
540 1453 735 1495 dignitatism
760 1453 896 1485 dextera
921 1452 1018 1483 dante
1044 1452 1084 1483 ad
1109 1451 1297 1493 legendum.
1327 1461 1422 1481 nemo
1447 1451 1553 1481 iusteu
1577 1461 1651 1480 mea
1675 1449 1759 1480 (licta

110 1515 265 1546 spernere
290 1505 418 1547 poterit,
443 1506 518 1547 quia
542 1506 710 1547 probantis
734 1506 909 1536 auctoritas
934 1495 1035 1546 pluris
1059 1504 1260 1537 aestimatur.
1286 1514 1383 1544 quam
1408 1503 1580 1533 scribentis
1598 1501 1727 1532 devotio
1739 1502 1760 1532 “-’.

107 1555 213 1588 Multa
248 1561 298 1588 est
330 1557 478 1589 omnibus
514 1557 663 1589 fidelibus
698 1558 728 1588 in
762 1561 871 1589 vestra
902 1557 1045 1599 pietate⁰
1076 1555 1236 1598 gloriandi
1271 1555 1426 1594 facultas.
1462 1554 1536 1585 dum
1569 1554 1760 1586 clementiae

108 1611 238 1640 vestrae
262 1609 446 1641 sollicitudo
471 1610 726 1645 sacerdotalem,
750 1614 786 1641 ut
810 1610 916 1645 decet.
951 1608 1050 1640 habet
1074 1608 1106 1638 in
1131 1607 1375 1650 praedicatione
1401 1606 1489 1637 verbi
1515 1606 1578 1637 Dei
1602 1607 1757 1648 vigorem.

107 1664 140 1692 et
162 1661 341 1703 perfectam
356 1662 389 1693 in
407 1662 568 1693 catholica
584 1662 647 1694 fide
666 1663 832 1693 scientiam
850 1665 882 1692 et
902 1661 1141 1692 sanctissimam
1166 1671 1223 1702 pro
1249 1660 1391 1690 omnium
1417 1659 1521 1689 salute
1546 1658 1760 1689 devotionem.

111 1712 317 1755 Quapropter
354 1714 578 1745 universorum
612 1714 782 1755 precibusP
817 1713 959 1744 fidelium
996 1712 1174 1754 optandum
1214 1716 1277 1743 est.
1317 1715 1352 1742 ut
1390 1711 1421 1741 in
1459 1721 1588 1742 omnem
1625 1711 1762 1752 gloriam

109 1768 276 1797 vestrumq
302 1765 498 1798 extendatur
521 1767 706 1808 imperium:
736 1770 770 1797 ut
800 1766 924 1797 seilicet
949 1764 1109 1796 catholica
1134 1764 1230 1803 fides,
1259 1775 1341 1806 quae
1367 1763 1542 1794 humanum
1566 1774 1670 1804 genus
1697 1763 1761 1794 sola

109 1817 260 1858 vivificat,
285 1818 353 1850 sola
378 1819 587 1852 sanctificatr.
616 1819 776 1850 veraciter
802 1819 834 1849 in
858 1828 923 1848 una
953 1817 1158 1862 confessione
1189 1821 1378 1848 cunctorum
1413 1815 1564 1846 cordibus
1594 1815 1762 1856 infigatur:

110 1874 269 1912 quatenus
287 1871 403 1902 summi
420 1871 508 1912 regis
526 1870 668 1902 donante
686 1871 819 1913 pietate,
844 1869 975 1901 eademS
993 1873 1126 1900 sanctae
1150 1869 1238 1911 pacis
1257 1872 1289 1900 et
1306 1868 1471 1910 perfectae
1491 1868 1634 1898 caritatis
1653 1877 1763 1899 omncs

111 1922 233 1965 ubique
265 1926 359 1964 regat
383 1926 415 1954 et
439 1922 598 1954 custodiat
622 1923 740 1954 unitas.
762 1958 769 1961 μ
786 1922 856 1954 Nec
880 1921 984 1953 aliudt
1009 1921 1223 1963 omnipotenti
1248 1919 1320 1951 Deo
1345 1931 1462 1951 munus
1488 1920 1660 1951 amabilius
1691 1930 1763 1950 esse

110 1974 280 2016 probatur,
310 1985 405 2017 quam
430 1975 463 2006 in
488 1975 647 2006 catholica
671 1975 733 2006 fide
758 1974 911 2006 divinaeu
936 1973 1109 2005 concordia
1135 1973 1298 2004 caritatis.
1324 1976 1359 2003 ut
1383 1982 1495 2003 omnes
1520 1982 1618 2002 unum
1644 1971 1706 2002 sint
1731 1971 1761 2001 in
1775 1980 1819 2000 Ioh-
1837 1982 1867 2001 ιτ.
1884 1982 1914 2000 21.

113 2025 257 2066 Christo,
282 2027 358 2069 quiv
380 2038 438 2069 pro
464 2027 612 2058 omnibus
636 2031 782 2058 mortuus
807 2030 870 2058 est:
896 2036 954 2068 per
977 2035 1072 2067 quem
1097 2026 1204 2056 cuncti
1229 2024 1401 2056 credentes
1427 2025 1458 2054 in
1484 2034 1557 2055 eum
1577 2023 1762 2054 efficiuntur

108 2079 166 2110 filii
189 2082 344 2111 aeternae
369 2079 616 2111 beatitudinisw.

418 2131 467 2163 0³
491 2142 550 2163 rex
575 2134 736 2173 augustox
762 2131 962 2162 clarissimey
985 2130 1104 2172 dignus
1130 2130 1262 2161 honore.

471 2183 513 2215 Et
537 2183 615 2221 dux.
640 2187 672 2215 et
695 2183 819 2215 doctor.
845 2186 876 2214 et
901 2183 1000 2214 decus
1024 2183 1162 2224 imperii.

212 2263 237 2297 ⁸)
255 2265 305 2289 fide
326 2264 352 2289 C'.
436 2263 461 2296 b)
480 2264 610 2295 quodlivet
632 2262 658 2288 C.
741 2266 764 2293 ο)
784 2263 915 2288 crhistiani
935 2263 966 2287 G.
1050 2261 1075 2292 d)
1095 2262 1208 2286 dortrina
1229 2262 1260 2286 G.
1344 2262 1366 2287 θ)
1386 2270 1416 2286 ac
1440 2262 1570 2293 refulgens
1595 2260 1656 2284 add.
1678 2260 1767 2290 Querc.

108 2307 129 2339 f)
146 2308 240 2340 aliquit
259 2308 290 2332 G.
361 2308 386 2339 8)
404 2308 569 2333 aestimabam
590 2307 612 2331 Ι.
695 2306 721 2338 h)
741 2307 874 2332 (lialectiae
896 2307 927 2330 A.
998 2305 1016 2337 i)
1036 2306 1143 2330 rationis
1163 2306 1194 2336 G,
1215 2305 1236 2330 I.
1309 2303 1334 2336 k)
1355 2306 1446 2337 Agust.
1466 2304 1497 2335 L,
1517 2313 1582 2328 corr.
1604 2304 1629 2327 in
1649 2304 1715 2335 Aug.
1740 2302 1767 2326 T.

107 2351 127 2384 1)
147 2352 260 2384 adprime
279 2351 308 2383 Ι,-
326 2351 440 2384 adprime
454 2365 487 2368 —
499 2351 611 2375 trinitate
631 2360 678 2375 om.
694 2350 724 2375 B.
795 2350 828 2381 ¹¹³)
848 2358 974 2382 superscr.
993 2350 1176 2382 adscriptiones
1194 2349 1220 2373 C.
1292 2348 1317 2380 n)
1338 2348 1478 2380 suptilitate
1494 2348 1529 2375 G;
1549 2347 1717 2371 subtilitatem
1736 2345 1767 2376 T,-

108 2396 266 2422 sublimitate
278 2395 312 2426 E,
324 2395 355 2420 L.
376 2402 379 2403 ⁷
443 2394 467 2427 ⁰)
487 2395 606 2427 probabit
620 2394 649 2419 B.
739 2394 764 2423 1³)
783 2398 857 2418 antea
876 2394 1005 2418 nominato
1026 2393 1056 2416 E.
1141 2394 1166 2422 q)
1186 2392 1367 2425 phylosophiae
1382 2391 1415 2421 A,
1429 2391 1459 2415 Iz'.
1542 2390 1562 2421 r)
1583 2390 1724 2423 neglegerit
1746 2389 1767 2413 I.

108 2438 129 2472 θ)
147 2440 220 2464 aciae
232 2438 264 2463 Ε.
335 2438 354 2469 ¹)
372 2439 518 2464 desiderans
532 2438 555 2463 Ι.
628 2438 653 2468 ιι)
673 2437 768 2462 caeleb.
788 2437 813 2461 T.
884 2436 909 2468 v)
930 2437 956 2460 in
969 2445 1050 2461 unum
1064 2445 1110 2460 om.
1126 2435 1156 2460 E.
1229 2435 1259 2463 w)
1274 2435 1376 2467 ignavia
1390 2434 1422 2464 E,
1436 2433 1459 2463 I,
1473 2433 1499 2456 (ἱ
1570 2432 1595 2465 x)
1614 2433 1724 2465 pondere
1737 2432 1767 2456 L.

109 2482 135 2516 7)
154 2483 281 2508 racionem
295 2482 325 2508 G.
396 2481 418 2515 z)
432 2482 508 2507 attuli
521 2482 554 2512 A,
568 2481 596 2511 S,
611 2481 634 2511 J,
651 2481 678 2506 T.
744 2480 768 2512 ³)
788 2481 888 2506 dicendi
903 2480 936 2511 A,
950 2480 977 2510 S,
993 2481 1023 2510 G,
1040 2479 1062 2510 I,
1076 2480 1103 2509 ζ’,
1116 2479 1147 2509 L,
1167 2479 1194 2503 T.
1266 2477 1290 2509 b)
1304 2477 1495 2501 misericortiam
1516 2476 1546 2500 R.
1619 2476 1642 2507 ὓ)
1667 2476 1769 2500 inlumi-

111 2527 183 2552 navit
201 2526 238 2557 A,
258 2526 288 2557 S,
307 2526 338 2558 G,
357 2525 390 2556 R,
408 2526 432 2556 Ι,
452 2525 529 2557 (corr.
548 2525 594 2556 ill.)
615 2525 647 2553 C·
666 2534 732 2549 corr.
753 2525 779 2549 in
798 2525 990 2549 inluminaverit
1010 2523 1041 2548 E.
1113 2521 1137 2560 ¹¹³>
1158 2522 1248 2554 aliquit
1271 2522 1300 2545 G.
1372 2520 1394 2550 e)
1414 2521 1439 2544 in
1459 2528 1514 2544 eam
1534 2519 1566 2549 R,
1586 2519 1613 2543 C.
1685 2518 1707 2550 s)
1728 2528 1768 2544 ve-

109 2570 164 2595 nire
182 2569 216 2600 R,
235 2569 262 2594 Ο.
352 2568 378 2600 Β)
397 2569 503 2593 liverius
516 2568 548 2593 R.
636 2567 662 2599 h)
680 2568 759 2600 accip.
780 2567 807 2597 T,
820 2567 850 2591 L.
930 2566 948 2598 ἰ)
967 2567 1029 2598 Quit
1045 2566 1075 2590 (ι’.
1154 2564 1181 2597 k)
1201 2568 1297 2597 spectat
1313 2564 1344 2591 A,
1359 2564 1386 2593 S,
1403 2564 1433 2593 G,
1447 2563 1478 2593 L,
1496 2563 1523 2593 T,
1538 2563 1559 2586 I.
1631 2561 1650 2592 1)
1669 2563 1723 2593 Ego
1737 2562 1768 2597 Β.

109 2612 143 2644 ¹¹²)
162 2613 323 2646 indignitatis
343 2612 374 2637 R.
444 2611 470 2642 ¹¹)
490 2612 557 2635 iusta
575 2611 607 2635 E.
670 2610 694 2641 ⁰)
714 2611 824 2643 piaetate
845 2611 871 2635 S.
934 2611 958 2639 Ρ)
973 2610 1106 2643 praecibus
1122 2609 1154 2639 A,
1172 2608 1198 2632 T.
1253 2608 1278 2632 (1)
1298 2612 1409 2631 vestram
1430 2606 1458 2637 S,
1473 2606 1502 2632 L.
1521 2606 1548 2636 T,
1563 2606 1583 2630 I.
1638 2604 1659 2635 Υ)
1678 2606 1769 2630 sancti-

110 2657 172 2681 ficat
184 2655 218 2687 A,
231 2655 260 2688 S,
275 2656 307 2686 G,
324 2655 358 2687 T;
376 2656 498 2680 iustificat
512 2654 542 2679 E.
608 2653 628 2686 s)
643 2654 749 2679 eandem
765 2654 794 2678 G.
860 2654 880 2685 ί)
893 2654 957 2678 aliut
972 2654 1003 2683 A,
1018 2654 1048 2677 G.
1116 2656 1140 2683 Π)
1153 2652 1241 2676 divina
1255 2650 1285 2675 E.
1350 2650 1373 2680 v)
1388 2659 1455 2675 unus
1469 2650 1531 2673 add.
1546 2649 1577 2673 L.
1637 2650 1667 2679 w)
1682 2657 1768 2673 rev-sus

112 2708 159 2725 om.
172 2699 204 2724 E.
276 2699 301 2730 x)
319 2703 429 2731 auguste
448 2698 480 2729 R,
500 2698 527 2722 G.
597 2698 622 2727 δ”)
642 2698 782 2729 clarissime
801 2697 824 2722 I.

217 2760 241 2791 1)
264 2757 415 2784 Frobenius
432 2757 502 2782 harw
519 2756 649 2790 synodum
668 2756 778 2782 eandem
796 2764 848 2782 csse
866 2759 955 2788 ratus,
979 2764 1060 2788 quam
1081 2754 1193 2780 Carolus·
1212 2762 1298 2779 mense
1317 2753 1422 2779 Octobri
1440 2752 1508 2777 anni
1528 2755 1586 2777 802.
1600 2751 1770 2784 Aquis-tyram

111 2802 206 2828 habuit
228 2802 273 2834 (cf.
297 2802 410 2835 Capitur.
432 2809 481 2834 req.
501 2800 601 2826 franc.
621 2799 658 2825 ed.
673 2800 794 2826 Boretius
813 2800 835 2832 I,
850 2802 916 2832 105),
936 2802 1004 2825 recte
1023 2798 1086 2824 milti
1106 2797 1262 2823 halicae-isse
1282 2796 1392 2822 ricledur.
1481 2796 1507 2827 2)
1529 2795 1570 2826 Cf.
1583 2802 1667 2827 snpra
1682 2802 1709 2827 p.
1723 2797 1771 2820 263

112 2853 139 2871 n.
153 2848 182 2878 25
200 2848 252 2871 284
271 2853 298 2870 n.
313 2848 336 2871 3.
425 2845 451 2877 3)
472 2843 513 2876 Cf.
531 2843 631 2869 eosdem
649 2851 738 2869 versus
757 2843 828 2868 Poet.
850 2842 936 2868 carol.
958 2842 980 2875 J,
994 2846 1052 2868 300.
