2089 3171
687 173 837 200 ALCVINI
856 173 1064 200 EPISTOLAE.
1092 174 1158 203 244.
1178 174 1237 200 245.
1727 176 1787 205 393

137 272 195 292 1199
220 265 251 291 te
276 264 462 302 praetereat
486 261 636 291 horarum
663 260 843 302 spalmodia
867 263 1068 291 sanctarum:
1095 271 1154 291 nec
1172 261 1342 292 missarum
1369 261 1509 292 maxima
1535 261 1635 292 virtus
1660 261 1691 291 in
1717 271 1787 291 cor·
1815 262 1870 292 801
1891 271 1942 292 ex.
1957 260 2008 291 vel

139 323 216 355 pore
243 312 381 343 Christi:
406 323 466 344 nee
492 313 608 344 caritas
633 313 728 344 desit.
774 312 918 353 Legatur
942 315 1017 343 ante
1043 316 1074 343 te
1099 313 1196 344 lectio
1222 318 1344 345 sancta.
1370 324 1428 355 per
1451 324 1547 355 quam
1570 314 1641 344 fieri
1666 313 1790 355 possint
1880 305 1943 334 802

141 365 180 396 ad
207 365 359 395 convivas
384 364 483 395 verba
508 364 768 406 praedicationis.
817 364 865 394 Sit
890 368 980 395 tuum
1005 365 1088 396 velle
1114 369 1146 395 et
1171 366 1258 396 nolle
1283 366 1323 396 ad
1348 366 1466 396 mentis
1492 376 1599 396 arcem
1632 366 1789 396 constitu-

139 421 222 455 tum,
259 427 298 446 ne
333 417 480 457 penitere
509 417 635 457 cogaris
665 416 704 447 de
729 416 872 457 quolibet
902 416 998 448 facto.
1044 416 1125 447 Esto
1151 427 1330 458 pauperum
1357 421 1466 459 pater.
1503 422 1538 448 ut
1563 417 1602 448 de
1627 428 1710 459 pane
1735 421 1790 448 tuo

100 478 110 495 ⁵
141 467 345 500 manducent,
371 468 446 509 quia
469 468 500 498 iu
518 478 659 509 paupere
679 467 824 498 Christus
844 467 1019 499 1·efieitur¹.
1060 467 1163 502 Quam
1188 468 1267 499 felix
1292 480 1414 500 mensa.
1442 470 1471 500 in
1497 479 1560 510 qua
1585 473 1635 500 est
1657 469 1792 500 conviva

137 518 296 550 Christus.
342 518 422 549 Esto
447 518 746 560 inreprehensibilis
771 522 803 549 et
827 529 952 549 morum
978 518 1155 559 dignitate.
1186 521 1376 561 magnificus
1401 521 1431 551 in
1457 521 1646 555 sanctitate,
1677 520 1789 551 lauda-

136 571 209 602 bilis
236 571 267 600 in
291 570 417 601 ratione
448 570 513 601 dati
539 575 571 601 et
599 571 743 612 accepti.
780 570 937 601 iocundus
970 571 1002 601 in
1034 571 1157 609 verbis,
1190 572 1334 613 gaudens
1367 573 1399 603 in
1430 577 1584 614 aspectu,
1615 573 1721 604 laetus
1751 572 1791 603 ad

137 623 284 653 miseros.
309 622 420 663 largus
445 622 486 652 ad
510 633 684 663 pauperes.
711 622 860 653 omnibus
885 622 963 653 odor
980 623 1066 653 vitae
1094 624 1208 659 factus,
1234 627 1270 654 ut
1294 635 1335 655 ex
1360 624 1519 663 omnibus,
1544 624 1665 656 Christi
1687 625 1791 666 gratia
1802 639 1821 658 2.
1834 639 1882 658 cvr.
1894 640 1913 661 τε,
1926 640 1956 658 15.

139 678 370 714 consequente.
396 674 578 705 mercedem
603 674 724 705 habere
750 675 915 705 merearis.

931 882 1003 913 245.

86 942 110 961 ¹⁰
240 939 396 971 Ale-vinus
422 940 564 971 Candido
588 942 616 971 et
638 940 835 972 Nathauaeli
858 940 1023 980 discipulis
1046 942 1127 979 suis,
1161 941 1193 972 in
1217 941 1292 972 aula
1319 942 1528 979 versantibus,
1561 941 1710 979 mandat,
1746 942 1795 973 ob-

135 993 284 1023 testentur
310 991 458 1023 Carolwn
484 992 713 1031 imperatorem,
748 994 783 1022 ut
805 992 947 1023 eeclesiae
971 992 1004 1024 S.
1020 992 1165 1023 sslariim‘
1191 993 1385 1024 Turonensis
1402 994 1585 1033 persimilem
1611 994 1794 1025 inviolatum

134 1045 260 1083 tueatur
282 1054 301 1074 (ι
328 1043 501 1085 lecodulfo
524 1043 662 1083 episcopo
685 1044 924 1077 Aurelianensi.
1415 1047 1478 1075 ὅθ]
1501 1056 1547 1076 cs.
1569 1046 1612 1077 rel
1635 1047 1709 1078 1502.

239 1103 319 1129 Codd.
341 1103 367 1129 P
383 1104 430 1136 fol.
446 1107 574 1130 112—116
593 1104 646 1130 ΓΡ*
664 1104 710 1135 fol.
727 1107 878 1137 ἴθ’-7493.

238 1146 310 1173 Edd.
323 1155 356 1173 ea:
369 1150 450 1180 parte
465 1148 597 1173 ,ilabillon
612 1148 681 1174 Acta
700 1147 745 1174 SS.
761 1148 812 1180 IV,
827 1153 848 1181 1,
865 1152 911 1175 137
923 1156 956 1174 ec
969 1156 1060 1182 apoyr.
1076 1148 1225 1177 Sirmondi:
1244 1148 1376 1174 Raecius
1390 1148 1538 1181 Cupiltdar.
1555 1149 1574 1174 Ι
1575 1169 1582 1181 ,
1597 1153 1677 1181 142),-
1700 1148 1729 1174 F
1740 1154 1795 1181 110¹,

87 1196 108 1214 15
137 1190 161 1217 J
170 1194 225 1217 180.
245 1205 277 1208 —
299 1190 392 1224 Miync
411 1191 457 1217 col.
471 1194 530 1217 4015.

260 1279 454 1304 KARISSIMIS
474 1280 508 1304 IN
529 1279 676 1304 CHRISTO
695 1280 795 1304 FILIIS
815 1280 968 1304 CANDIDO
988 1280 1031 1304 ET
1051 1280 1304 1305 NATHANAHELI
1325 1281 1471 1304 ALBIM'S
1490 1280 1678 1304 SALUTEM&

241 1329 327 1361 Cura
351 1340 423 1361 mea
441 1333 473 1361 et
491 1330 610 1361 caritas
635 1341 708 1361 mea
726 1330 906 1364 vobiscum.
932 1331 999 1370 filii,
1025 1331 1174 1362 omnibus
1200 1331 1313 1372 vigilat
1338 1331 1439 1362 horis:
1467 1335 1583 1372 optans
1612 1341 1668 1362 vos
1694 1331 1791 1362 mori-

136 1383 197 1414 bus
227 1385 260 1413 et
287 1382 439 1423 religiosa
468 1383 533 1413 vita
556 1381 628 1413 Deo
657 1382 786 1424 placere
817 1387 849 1414 et
877 1383 1006 1414 domino
1038 1393 1110 1414 meo
1142 1383 1268 1414 David:
1306 1387 1339 1414 et
1367 1386 1401 1414 ut
1432 1383 1583 1424 exemplo
1616 1383 1686 1414 sitis
1717 1383 1794 1414 boni

138 1434 243 1476 operis
275 1434 347 1465 aliis
378 1434 409 1464 in
438 1434 560 1476 palatio
590 1434 772 1466 iuvenibus.
830 1434 961 1466 Gloriab
991 1439 1040 1466 est
1072 1435 1173 1477 patris
1204 1435 1290 1466 filius
1322 1435 1463 1477 sapiens.
1522 1435 1689 1476 SapIentia
1719 1445 1908 1467 vel'a‹:s.[‘r··v.
1921 1448 1953 1469 iu,
1970 1448 1985 1465 1.

85 1502 110 1521 20
138 1490 205 1525 est,
241 1497 324 1528 quae
349 1486 389 1517 ad
414 1487 512 1517 vitam
537 1486 625 1517 ducit
655 1491 839 1522 aeternam;
878 1498 937 1518 nec
962 1488 1056 1518 nobis
1089 1487 1245 1528 ignobilia
1277 1487 1437 1529 quaedam
1471 1488 1584 1518 statuit
1609 1490 1794 1528 praccepta.

136 1538 192 1569 sed
217 1538 312 1569 valde
344 1538 463 1569 nobilia
493 1542 525 1570 et
557 1539 643 1569 omni
674 1539 795 1570 honore
825 1539 1034 1580 dignissima:
1071 1540 1102 1570 in
1128 1539 1263 1581 quibusc
1288 1540 1386 1570 vitan]
1419 1549 1591 1580 possumus
1616 1539 1795 1580 promereri

135 1594 330 1632 perpetuam
355 1594 387 1622 et
411 1591 495 1622 inter
519 1591 668 1622 homines
698 1591 897 1622 laudabilem
924 1591 1047 1623 habere
1077 1592 1244 1622 honorem.
1291 1590 1341 1622 De
1370 1591 1486 1632 quibus
1513 1590 1673 1632 siquidem
1699 1601 1793 1632 prae-

137 1643 239 1684 ceptis
265 1643 396 1685 saepius
422 1653 476 1673 vos
500 1643 664 1674 ammonui
688 1644 719 1673 in
745 1644 831 1674 scola
857 1643 1046 1674 eruditionis
1066 1647 1206 1674 vestrae.
1247 1642 1312 1673 Sed
1339 1653 1454 1684 nuper.
1480 1642 1519 1674 de
1544 1642 1619 1673 nido
1637 1646 1794 1684 paternae

137 1693 338 1725 edocationis
363 1694 488 1725 educti.
515 1694 555 1725 ad
580 1694 728 1736 publicas
754 1695 911 1726 evolastis
937 1705 1045 1726 auras.
1092 1695 1308 1736 Intellegatur
1332 1695 1364 1725 in
1389 1695 1482 1725 vobis
1507 1694 1590 1736 quod
1615 1694 1752 1725 audistis
1777 1705 1795 1725 a

87 1762 112 1780 25
140 1745 245 1777 nobis.
284 1745 383 1776 Vivat
407 1750 500 1787 pater
524 1746 554 1776 in
579 1746 662 1777 filiis.
689 1747 743 1787 qui
767 1746 861 1777 modo
886 1746 1031 1788 trepidus
1055 1746 1140 1778 diem
1169 1750 1322 1788 expectat
1346 1747 1458 1777 mortis
1483 1757 1572 1778 suae.
1617 1746 1711 1788 Opto.
1737 1757 1794 1777 vos

135 1797 256 1829 habeat
280 1798 484 1839 superstites,
510 1808 590 1839 quos
616 1798 730 1829 habuit
756 1799 787 1829 in
813 1799 945 1830 servitio
971 1798 1034 1830 Dei
1061 1799 1181 1830 laboris
1207 1799 1255 1829 sui
1282 1799 1516 1830 conmilitones.

238 1849 384 1881 Plurima
407 1850 484 1880 mihi
510 1853 621 1881 essent
646 1850 828 1886 scribenda.
854 1861 937 1892 quae
958 1851 1049 1882 vobis
1072 1851 1262 1883 'necessaria
1289 1858 1363 1882 sunt
1388 1851 1600 1882 observanda.
1641 1850 1706 1882 Sed
1727 1851 1794 1881 scio

136 1913 187 1933 me
213 1901 252 1933 de
277 1901 447 1933 honestate
473 1902 558 1933 vitae
591 1903 722 1944 saepius
747 1906 885 1933 vestram
917 1903 1138 1934 ammonuisse
1170 1903 1338 1934 caritatem
1370 1903 1552 1944 litterisque
1577 1903 1697 1934 monita
1723 1913 1793 1933 mea

137 1953 268 1995 saepius
286 1954 439 1996 prosequi
461 1958 494 1985 et
515 1964 683 1985 renovare.
724 1953 930 1997 Quapropter
951 1954 1095 1986 dicamus
1119 1966 1203 1997 quae
1220 1954 1314 1987 modo
1337 1955 1431 1986 nobis
1449 1958 1482 1986 et
1498 1954 1590 1986 vobis
1608 1954 1793 1985 necessaria

85 2021 111 2039 30
139 2016 211 2037 esse
235 2005 395 2037 videntur.

241 2057 347 2099 Igitur
375 2057 572 2088 venerabilis
603 2061 696 2100 pater
720 2057 978 2100 Theudulphus‘1
1003 2059 1200 2102 episcopus³
1224 2059 1417 2101 quibusdam
1445 2058 1660 2090 confratribus
1691 2058 1794 2089 sancti

137 2110 283 2149 Martini,
315 2109 467 2140 fidelibus
493 2114 620 2141 vostrae
646 2111 872 2152 prosperitatis
897 2111 1189 2150 intercessoribus,
1221 2111 1261 2142 de
1279 2111 1418 2153 quodam
1443 2121 1498 2142 reo
1530 2110 1668 2152 fugitivo
1693 2110 1794 2141 habet

91 2169 94 2171 ’
136 2161 420 2204 disceptationem.

241 2213 303 2250 Qui
327 2225 411 2251 reus,
436 2217 511 2256 post
534 2214 674 2256 plurima
698 2226 874 2256 poenarum
900 2226 1023 2256 genera
1047 2215 1152 2246 subito
1171 2215 1210 2247 de
1229 2215 1365 2246 vinculis
1391 2215 1531 2255 elapsus.
1556 2213 1596 2244 ad
1621 2214 1792 2245 eeclesiam

86 2280 110 2299 ³⁵
139 2266 284 2308 confugit
300 2267 404 2297 sancti
423 2265 563 2303 Martini.
589 2267 755 2308 praecipui
780 2267 977 2298 confessoris
996 2266 1135 2303 Christi;
1159 2267 1318 2298 confitens
1343 2270 1478 2308 peccata
1504 2276 1578 2296 sua:
1602 2266 1792 2296 reconcilia-

138 2319 259 2350 tionem
283 2318 480 2360 deposcens:
506 2329 651 2349 cesarem
677 2319 866 2361 appellans:
891 2319 975 2349 viam
995 2318 1036 2350 ad
1057 2319 1128 2350 eius
1154 2319 1391 2350 sanctissimam
1409 2318 1608 2359 presentiam
1632 2317 1792 2358 flagitans.

138 2371 242 2406 Quem
267 2369 467 2402 reddidimus
494 2369 647 2412 {missis⁰]
675 2370 822 2402 eiusdem
845 2371 983 2413 praefati
1002 2371 1156 2413 episcopi.
1198 2371 1338 2412 Propter
1362 2369 1495 2400 insidias
1520 2369 1579 2399 sibi
1605 2372 1735 2410 paratas
1762 2369 1793 2400 in

137 2423 200 2462 via,
224 2425 260 2453 ut
283 2423 394 2461 fertur7
420 2422 580 2453 abeuntes
606 2433 679 2454 cum
703 2423 894 2455 dimiserunt
918 2427 993 2454 ante
1021 2424 1110 2455 fores
1135 2424 1295 2454 ccclesiae
1321 2425 1470 2453 stantem.

243 2474 308 2506 Sed
333 2474 478 2505 eiusdem
503 2475 680 2506 venerandi
706 2476 849 2517 episcopi
874 2475 922 2506 his
959 2477 1133 2507 transactis
1158 2475 1320 2506 hostiliter
1345 2476 1502 2505 venerunt
1527 2473 1672 2504 homines
1697 2484 1792 2514 quam

84 2539 112 2558 40
138 2526 278 2568 plurimi,
303 2530 338 2557 ut
363 2529 551 2568 conpertum
578 2530 637 2558 cst.

240 2638 299 2664 245.
329 2640 353 2671 ⁸)
366 2640 484 2665 Lemma:
498 2641 645 2673 Epistula
657 2641 692 2665 ad
707 2642 883 2666 Candidum
897 2647 926 2667 et
940 2643 1099 2667 Nataliael
1120 2642 1148 2666 P.
1198 2640 1222 2673 b)
1236 2641 1319 2673 gratia
1333 2640 1410 2670 ΡΝ),
1425 2639 1469 2663 scd
1483 2640 1514 2670 cf.
1530 2641 1738 2671 szzprap.1‘lep.
1749 2641 1794 2668 29,-

131 2691 161 2714 p.
175 2685 237 2712 183;
255 2683 330 2714 iufra
348 2692 386 2715 ep.
402 2686 456 2708 295.
523 2682 545 2715 c)
559 2684 672 2715 sequitur
690 2685 722 2708 ad
741 2685 767 2709 in
787 2684 816 2709 Ρ.
887 2684 911 2717 d)
931 2686 1093 2711 Theudulsus
1106 2685 1151 2710 1²³⁶.
1225 2684 1247 2713 θ)
1266 2692 1312 2707 0⁷¹1·
1328 2683 1356 2707 P·

241 2743 267 2774 1)
291 2742 333 2773 Cf.
357 2741 472 2774 Alquini
497 2750 565 2767 vers.
589 2742 623 2767 ad
649 2752 734 2768 1119115.
760 2743 846 2775 (Poet.
867 2743 928 2770 Car.
948 2744 972 2776 I,
991 2745 1052 2776 328)
1079 2752 1099 2770 ι’.
1119 2747 1159 2769 12:
1190 2742 1314 2775 Accipiet
1339 2740 1463 2767 Christus
1488 2740 1597 2766 dederis
1620 2742 1651 2766 tu
1677 2742 1793 2775 pauperi

138 2784 280 2818 quicquid.
385 2785 412 2811 2)
442 2784 484 2810 De
511 2787 636 2818 tenqmre,
665 2795 717 2818 quo
744 2786 807 2812 haec
834 2789 857 2812 et
883 2790 1018 2819 sequentes
1047 2786 1170 2820 epistolae
1198 2785 1312 2817 scriptae
1335 2785 1402 2816 sine.
1430 2784 1460 2815 cll
1481 2784 1552 2815 infra
1577 2792 1633 2817 epp.
1653 2788 1711 2810 248.
1735 2789 1793 2811 249.

85 2839 110 2857 45
137 2828 164 2861 3)
184 2827 396 2859 Aurelianensis,
416 2835 436 2852 c.
454 2831 594 2854 786—0‘21.
1390 2863 1395 2868 ¹

242 2879 386 2905 Erlsromc
406 2878 452 2904 IV.
1557 2878 1590 2904 50
