2089 3171
190 252 214 270 e.
236 241 293 269 704

307 156 366 185 530
516 151 714 178 EPISTOLAE
729 150 919 176 VAluonUM
941 149 1082 175 CAROLO
1103 149 1231 175 MAuNo
1252 148 1453 175 REGNANTE
1472 148 1653 174 SCRIPTAE.
1689 149 1729 173 21.

310 240 356 270 vel
383 238 540 280 quomodo
566 242 671 278 potest
697 237 902 276 intellegere,
935 246 1029 276 quem
1060 239 1183 265 constat
1216 246 1277 265 non
1309 238 1446 275 sapere?
1486 233 1653 275 Sapientia
1682 234 1748 265 sive
1775 233 1941 264 intellectu

307 292 465 332 privatus„
503 289 571 329 quis
607 298 757 328 umquam
794 287 961 317 eonsilium
996 287 1046 317 vel
1079 287 1139 317 sibi
1172 286 1323 317 habuisse
1355 286 1405 315 vel
1436 285 1498 315 alio
1528 285 1656 316 dedisse
1691 288 1838 327 repertus
1874 287 1943 315 est?

294 343 387 373 -Nam
414 342 482 371 luce
508 340 624 370 clarius
650 342 776 369 constat
798 339 964 369 eonsilium
991 349 1051 369 non
1077 339 1137 369 nisi
1163 338 1356 378 sapientium
1381 347 1463 367 esse.
1503 336 1736 368 Fortitudinem
1754 347 1839 375 vero,
1865 347 1940 367 con-

139 1693 213 1712 Nlullli⁴
224 1695 256 1715 28,
267 1695 300 1714 2¹9.

182 2103 221 2121 lar,
237 2105 253 2122 1.
269 2106 291 2122 ⁴.'.'v

307 394 376 423 silio
401 395 518 427 careat,
544 390 764 420 fortitudinem
783 400 855 420 esse
874 389 1049 430 putandum
1068 392 1140 419 est?
1166 399 1237 419 cum
1254 388 1360 418 onmia
1377 388 1557 418 inconsulte
1582 392 1672 428 gesta
1696 388 1813 419 fortiva
1835 388 1941 429 potius

308 455 400 485 quam
428 443 520 473 fortia
545 442 671 472 soleant
689 441 856 472 nominari.
899 441 1075 471 Seientiam
1100 441 1131 470 in
1157 450 1317 481 quoquam
1343 439 1411 470 sine
1436 439 1596 480 sapientia
1621 443 1652 470 et
1676 440 1843 470 intellectu
1867 450 1941 470 con-

308 497 418 526 sistere
437 505 532 536 posse
550 494 642 524 valde
668 497 718 524 est
734 493 932 524 incredibile.
973 493 1055 528 Quid
1081 493 1164 523 enim
1189 495 1296 534 potest
1320 491 1419 527 scire,
1444 491 1497 532 qui
1521 491 1600 521 nihil
1623 491 1710 522 valet
1732 491 1942 531 intellegere?

312 548 375 578 lam
394 548 494 588 pietas
513 550 544 576 et
562 546 653 575 timor
667 545 729 575 Dei
746 555 808 586 qua
826 549 893 575 arte
912 544 971 574 sibi
990 545 1140 586 copulata
1156 544 1228 581 sint,
1246 543 1299 584 qui
1315 554 1349 573 se
1365 543 1468 583 ipsum
1483 543 1641 584 explorat,
1659 542 1750 573 facile
1764 542 1944 584 cognoscit:

308 600 379 640 quia
404 608 497 629 nemo
522 597 591 638 pius
617 600 675 630 estq
701 597 760 627 uisi
786 597 848 637 qui,
874 596 1027 626 iudicium
1052 596 1113 626 Dei
1138 595 1290 628 timenda
1315 595 1346 625 in
1373 605 1406 625 sc
1432 594 1580 635 peccanti
1604 593 1735 624 dimittit
1757 594 1912 635 proximo.

409 649 501 680 Haeo
526 652 650 689 septem
676 648 777 679 sancti
803 648 942 689 Spiritus
967 647 1060 678 dona⁸
1086 647 1167 677 sicut
1191 647 1222 676 in
1248 647 1367 677 sanetis
1386 640 1530 687 patribus
1555 645 1654 675 fuisse
1679 645 1817 686 singula,
1842 645 1888 675 sic
1913 645 1944 675 in

309 702 435 732 Christo
455 700 595 731 adunata
613 701 718 730 onmia
735 711 798 730 non
816 703 865 730 est
880 700 1003 730 mirum.
1045 698 1128 734 Quid
1153 698 1237 729 enim
1263 698 1307 728 illi
1332 708 1372 728 ex
1402 696 1548 727 omnibus
1574 697 1665 727 bonis
1690 696 1806 728 deesse
1831 696 1943 737 potuit,

308 755 361 795 qui
385 754 490 784 omnia
514 752 598 782 bona
622 752 716 782 simul
742 762 812 782 cum
837 751 934 782 Patre
967 751 1110 781 creavit?
1145 749 1308 790 Numquid
1334 759 1485 790 magnum
1510 753 1576 781 est.
1607 749 1632 779 si
1657 749 1737 779 haec
1763 749 1793 778 in
1818 747 1945 779 Christo

308 805 465 835 mansisse
491 804 646 838 dieantur„
672 804 702 833 in
728 813 788 843 quo
815 803 918 833 omnis
937 802 1104 843 plenitudo
1122 801 1298 832 divinitatis
1316 800 1495 831 inhabitare
1522 801 1744 841 cognoscitur?
1781 799 1946 840 Numquid

309 866 458 897 magnum
483 860 547 890 est*
581 856 606 885 si
631 865 668 886 ea
693 855 782 895 quasi
809 865 865 895 pro
890 864 1022 884 munere
1054 853 1219 883 adscribas
1245 853 1400 888 Dominoff
1432 862 1514 892 quae
1539 851 1711 893 diligenter
1735 851 1945 882 considerans

310 909 452 939 invenies
486 909 517 938 in
553 912 665 938 servo'!
712 906 875 947 Numquid
916 906 963 936 his
1000 910 1122 936 tantum
1156 905 1248 935 donis
1284 908 1391 946 potest
1423 903 1589 934 sublimari
1619 903 1793 942 Dominus,
1829 903 1945 944 quibus

310 971 420 990 carens
446 971 507 990 non
534 962 584 990 est
608 959 710 989 bonus
737 962 868 989 servus?
905 958 1009 991 Absit,
1035 962 1068 988 ut
1093 958 1142 988 his
1168 960 1291 987 tantum
1316 957 1451 997 gloriam
1477 956 1546 986 eius
1570 955 1714 986 dieamus
1740 965 1943 985 consumma-

309 1016 388 1046 tam,
414 1012 502 1042 cuius
528 1010 798 1051 magnificentiam
825 1020 922 1050 supra
946 1020 1054 1045 omne,
1084 1009 1167 1050 quod
1193 1008 1309 1039 dicitur
1333 1011 1388 1038 aut
1412 1008 1595 1038 nominatur
1619 1007 1686 1037 sive
1712 1006 1743 1037 in
1767 1006 1856 1038 caelo
1880 1006 1946 1037 sive

310 1065 340 1094 in
365 1067 465 1099 terra,
491 1062 649 1093 credimus
680 1062 903 1092 sublevatam?
938 1061 1052 1102 Neque
1077 1061 1161 1091 enim
1187 1071 1300 1091 sensus
1325 1059 1599 1100 comprehendere
1624 1062 1680 1088 aut
1703 1069 1808 1089 sermo
1831 1057 1949 1100 poterit

309 1115 483 1156 expliearm
509 1125 590 1154 quae
617 1118 648 1144 et
672 1113 778 1154 qualia
803 1113 853 1143 vel
877 1117 999 1154 quauta
1023 1112 1095 1146 sint,
1122 1123 1203 1153 quae
1231 1111 1299 1142 eius
1323 1111 1464 1141 debeant
1481 1110 1620 1141 adscribi
1638 1110 1772 1151 gloriae,
1797 1110 1850 1151 qui
1876 1120 1947 1140 cum

313 1166 405 1196 l'atre
430 1169 461 1196 et
486 1166 607 1206 Spiritu
634 1169 744 1195 sancto
770 1165 847 1195 vivit
872 1168 903 1195 et
928 1168 1041 1205 regnat
1065 1164 1155 1194 Deus
1181 1164 1248 1194 sine
1274 1164 1347 1195 fine.
1396 1162 1461 1193 Sed
1486 1162 1557 1193 ideo
1584 1162 1662 1193 haec
1688 1166 1719 1192 et
1744 1162 1775 1192 in
1800 1162 1947 1203 patribus

310 1218 436 1258 singula
461 1221 492 1247 et
516 1218 545 1247 in
564 1217 691 1247 Christo
717 1217 810 1247 simul
835 1217 942 1246 onmia
968 1227 1029 1246 non
1049 1216 1209 1249 miramur,
1235 1216 1309 1256 quia
1334 1219 1365 1245 et
1390 1215 1420 1244 in
1443 1214 1607 1255 discipulis
1633 1214 1701 1244 eius
1726 1224 1783 1255 per
1801 1213 1944 1254 singulos

310 1269 436 1310 singula
468 1269 647 1310 computari
677 1272 708 1298 et
738 1268 769 1298 in
794 1268 889 1298 Petro
920 1268 1013 1298 simul
1046 1268 1153 1298 omnia
1182 1272 1318 1308 possunt
1351 1266 1497 1297 inveniri.
1544 1265 1746 1306 Quamquam
1778 1265 1891 1296 eadem
1917 1265 1949 1295 in

311 1321 437 1351 Christo
470 1321 564 1361 louge
597 1320 690 1350 aliter
722 1330 816 1360 quani
848 1320 879 1350 in
910 1320 1025 1350 ceteris
1057 1320 1175 1349 sanetis
1207 1319 1305 1349 fuisse
1337 1317 1500 1350 credenda
1530 1318 1603 1349 sint.
1649 1317 1731 1347 Nam
1765 1320 1949 1347 sanctorum

310 1373 425 1413 cuique
451 1382 506 1413 pro
532 1372 688 1402 varietate
714 1372 932 1407 voluntatum5
962 1371 1077 1412 quilius
1103 1371 1262 1412 fragilitas
1287 1371 1426 1401 humana
1451 1380 1512 1400 non
1538 1372 1640 1403 caret.
1673 1379 1757 1399 nunc
1782 1368 1841 1399 hoc
1866 1379 1950 1399 nunc

310 1424 386 1453 illud
405 1423 522 1453 donum
539 1423 723 1453 accedendo
748 1423 798 1453 vel
816 1423 997 1454 recedendo
1022 1427 1076 1453 aut
1101 1423 1218 1453 adesse
1243 1426 1298 1453 aut
1323 1422 1439 1453 abesse
1464 1422 1684 1462 cognoscitur:
1711 1420 1839 1451 Christo
1864 1430 1950 1458 vero7

310 1476 361 1516 qui
389 1480 438 1505 est
462 1475 523 1505 Dei
549 1475 647 1504 virtus
673 1478 704 1505 et
728 1474 789 1505 Dei
815 1475 984 1515 sapientia,
1010 1478 1126 1505 cuneta
1151 1474 1253 1505 saneti
1280 1474 1418 1515 Spiritus
1445 1473 1642 1504 charismata
1666 1472 1767 1503 semel
1791 1471 1949 1503 veniendo
1977 1485 1987 1503 ε

310 1531 516 1558 accesserunt
541 1530 572 1557 et
597 1527 626 1556 in
652 1538 689 1557 eo
715 1537 888 1567 numquam
915 1526 1095 1557 recedendo
1120 1529 1376 1567 permanserunt.

416 1578 478 1608 Sed
504 1577 579 1618 quid
605 1577 684 1609 haec
710 1578 749 1609 de
775 1578 968 1619 patriarchis
993 1582 1025 1609 et
1051 1579 1205 1619 apostolis
1224 1578 1377 1608 dicimus?
1404 1587 1475 1608 cum
1501 1587 1606 1617 neque
1631 1586 1714 1606 nunc
1739 1575 1950 1606 diffidendum

311 1632 353 1661 sit
377 1631 484 1672 plures
511 1630 626 1660 cotidie
652 1630 735 1660 intra
759 1634 890 1661 sanctae
915 1631 1028 1660 matris
1054 1631 1213 1661 eeclesiae
1239 1630 1345 1660 sinum
1370 1639 1465 1670 posse
1491 1628 1640 1670 reperiri,
1664 1628 1717 1669 qui
1742 1627 1792 1658 vel
1816 1627 1951 1668 singulis

312 1683 360 1712 vel
387 1682 532 1723 pluribus
558 1682 661 1712 sancti
680 1681 818 1722 Spiritus
844 1681 937 1712 donis
963 1683 1026 1712 sint
1051 1682 1152 1714 ditati.
1192 1681 1303 1712 Verax
1329 1681 1412 1711 enim
1439 1684 1497 1717 est,
1523 1680 1575 1721 qui
1599 1680 1630 1710 in
1655 1692 1689 1710 se
1715 1679 1951 1710 confidentibus

310 1735 526 1775 praesentiam
551 1744 641 1764 suam
667 1744 768 1774 usque
793 1733 832 1764 ad
851 1734 1159 1764 consummationem
1184 1733 1307 1764 saeculi
1324 1733 1472 1773 promisit
1496 1742 1558 1762 non
1583 1731 1776 1762 defuturam.
1822 1730 1892 1766 Quo
1917 1733 1950 1761 et

312 1786 475 1816 uobiscum
501 1790 532 1815 et
557 1786 586 1815 in
612 1785 704 1815 uobis
729 1796 856 1826 semper
881 1789 1046 1823 manente7
1080 1796 1284 1826 nequaquam
1315 1787 1427 1814 sancto
1458 1783 1655 1825 septiformis
1680 1783 1804 1822 gratiae
1829 1782 1952 1824 Spiritu

312 1837 502 1873 carebimus„
532 1837 584 1878 qui
610 1840 797 1867 cunctorum
824 1837 1009 1877 largitmem
1035 1837 1190 1867 bonorum
1217 1835 1377 1867 credendo
1403 1840 1434 1866 et
1460 1836 1541 1866 bene
1566 1834 1715 1865 faciendo
1740 1834 1952 1876 possidemus

415 1890 535 1930 Spiritu
560 1889 677 1919 etenim
704 1889 881 1929 sapientiae
908 1890 1038 1929 regitur,
1071 1889 1123 1929 qui
1153 1888 1248 1919 tidem
1279 1892 1409 1919 sanctae
1435 1891 1466 1917 et
1490 1887 1674 1917 individuae
1700 1886 1863 1917 Trinitatis
1887 1889 1951 1916 tam

312 1941 351 1972 ad
377 1942 423 1971 sui
449 1952 543 1982 quam
568 1941 704 1971 aliorum
728 1941 906 1981 profectum
937 1940 1083 1971 ediscere
1109 1941 1228 1972 nititur.
1260 1944 1293 1970 ut
1323 1950 1380 1981 per
1404 1940 1485 1969 hanc
1510 1942 1542 1969 ct
1567 1938 1720 1969 hereticis
1745 1938 1896 1968 resistere
1921 1940 1953 1968 et

312 2004 385 2023 suos
410 1994 517 2023 valeat
542 1993 741 2022 confirmare.

415 2045 569 2085 Spiritum
603 2043 786 2074 intellectus
811 2048 914 2077 tenet,
947 2046 1014 2085 qui¹
1047 2044 1156 2074 divina
1187 2048 1359 2085 praccepta
1387 2043 1535 2078 audiens,
1572 2052 1665 2082 quam
1700 2041 1884 2071 necessaria
1912 2041 1953 2071 sit

1973 713 1996 731 10

1975 970 1996 988 15

1973 1227 1998 1245 20

1977 1742 2002 1761 30

1979 1999 2003 2018 ³5

312 2106 422 2125 eorum
448 2096 589 2135 cognitio
615 2106 712 2125 sensu
739 2095 843 2125 cordis
870 2096 1007 2136 percipit
1031 2100 1072 2129 et4
1099 2097 1185 2125 iuxta
1214 2096 1343 2125 beatum
1365 2095 1517 2125 Iacobum
1544 2105 1605 2124 non
1631 2093 1809 2123 obliviosus
1826 2092 1954 2123 auditor
1984 2105 1987 2108 ⁴

312 2149 413 2177 tinctus
444 2147 499 2177 sed
529 2150 679 2188 operator
704 2151 869 2178 strenuus.
903 2158 938 2177 ea
971 2158 1053 2188 qua«¹
1085 2147 1245 2177 intellexit
1271 2147 1434 2178 mandata.
1467 2145 1574 2176 studet
1598 2149 1632 2175 ut
1656 2156 1674 2174 a
1699 2156 1732 2174 se
1757 2145 1834 2174 fiant
1857 2155 1953 2185 quam

313 2199 518 2238 integerrime
544 2199 713 2229 custodita.

416 2251 536 2291 Spiritu
559 2250 684 2280 consilii
704 2250 801 2290 viget,
827 2250 879 2290 qui
905 2250 934 2280 in
961 2251 1095 2283 cunctis,
1120 2261 1203 2291 quae
1229 2261 1326 2289 agere
1344 2250 1496 2291 disponit,
1521 2260 1560 2279 au
1586 2249 1664 2279 haee
1681 2248 1750 2278 Deo
1773 2248 1837 2278 sint
1854 2248 1951 2289 placi-

314 2307 392 2335 tura,
418 2302 632 2343 praecogitat:
665 2301 780 2331 melius
807 2302 1015 2333 existimaus.
1045 2313 1126 2342 quac
1152 2306 1185 2331 ct
1209 2302 1349 2342 qualiter
1379 2301 1506 2342 agenda
1531 2301 1608 2337 sint,
1640 2300 1727 2340 prius
1753 2300 1850 2330 tacite
1876 2310 1951 2330 con-

313 2354 471 2387 siderare,
507 2364 599 2394 quam
633 2353 752 2393 aliquid
785 2353 963 2383 inmusultc
999 2354 1165 2385 inchoare,
1205 2354 1288 2383 unde
1320 2363 1391 2383 euni
1423 2352 1599 2394 penitentia
1633 2354 1727 2392 cogat
1756 2351 1796 2381 ab
1828 2351 1953 2392 incepto

313 2405 477 2435 desistore.

419 2456 628 2486 run-titudinis
655 2456 802 2497 spiritum
829 2456 941 2488 habet.
974 2457 1165 2497 quivunupu·
1197 2456 1347 2486 diabuloa
1371 2460 1403 2486 et
1427 2455 1581 2486 membris
1607 2454 1687 2487 eius,
1714 2454 1864 2485 hereticis
1889 2454 1951 2484 sci-

316 2509 401 2540 lieet.
428 2507 497 2538 fidei
523 2512 613 2538 scuto
638 2520 673 2538 ae
700 2508 788 2537 verbi
814 2507 875 2537 Dei
899 2508 1007 2545 ‚eladio
1032 2512 1184 2538 armatus.
1211 2509 1364 2538 resistere
1392 2507 1508 2539 studet,
1534 2510 1566 2536 et
1590 2510 1701 2536 contra
1727 2506 1813 2541 vitia,
1837 2505 1953 2547 quibus

416 2604 438 2630 ²²)
459 2603 558 2627 diabolo
577 2612 643 2626 corr.
660 2602 684 2626 [11
706 2604 776 2627 -bulo
797 2604 828 2626 .Ι,

320 2654 350 2677 ld(
370 2654 429 2677 him>
448 2653 555 2677 datm-m
576 2656 646 2685 stou,
666 2662 733 2685 qum*
751 2653 890 2678 smonlnm
916 2653 1070 2684 I‘onlifivalr·
1095 2653 1241 2678 Romanum
1264 2654 1315 2679 (Ite
1333 2652 1536 2684 confirmandis)
1551 2651 1679 2684 pontis'ca:
1699 2650 1844 2683 baptizatos
1860 2650 1956 2681 confir-

316 2705 389 2719 mans·
412 2696 486 2720 vlia-'tx
514 2695 614 2720 Emitte
642 2696 667 2720 in
694 2706 738 2719 vox·
763 2696 999 2728 septilormem
1026 2696 1188 2728 spiritum
1216 2699 1291 2721 tuum
1320 2700 1443 2721 sanetum
1471 2694 1634 2728 parurliiuui
1655 2694 1688 2718 {le
1708 2693 1803 2719 caelis:
1827 2693 1955 2726 spiritum

317 2738 468 2769 sapin-ntia·-
489 2742 510 2762 vl
537 2739 704 2765 novum-tm,
730 2738 856 2771 >pn-itum
879 2739 984 2763 vonsilii
1006 2741 1030 2763 vt
1054 2738 1237 2765 tortitudinis,
1263 2739 1391 2772 >visuum
1417 2738 1550 2763 >cicutam
1570 2740 1595 2762 et
1622 2736 1747 2770 pietatis,
1771 2736 1892 2769 adimple
1911 2744 1956 2762 eos

316 2783 415 2812 spiritu
438 2780 543 2805 timoris
563 2782 602 2805 lui
623 2784 666 2806 ert.
680 2781 705 2806 ›].

1981 2261 2005 2279 ⁴0

1981 2516 2005 2534 45

1981 2786 2007 2805 50
