2089 3171
60 745 83 763 lu

58 1004 79 1022 15

56 1267 81 1286 2⁰

52 1755 77 1774 25

52 2008 77 2026 ³0

51 2271 75 2290 ³5

49 2530 74 2549 ⁴0

47 2839 72 2860 4⁵

659 179 808 206 ALCVINI
828 179 1035 206 EPISTOLAE.
1071 181 1130 206 310.
1149 181 1207 206 311.
1701 185 1762 214 ,179

109 257 298 297 laetissima.
339 266 390 296 Ad
408 266 502 297 huius
521 266 730 297 beatitudinis
755 276 868 307 pacem
895 277 1008 297 omnes
1033 267 1072 297 ad
1099 274 1129 298 tc.
1156 269 1333 299 venientes.
1360 269 1410 299 vcl
1437 269 1532 299 etiam
1559 270 1761 311 pertinentes
1797 272 1963 301 so2ve504

110 319 268 360 exemplis
300 319 441 360 optimae
471 319 555 349 vitae
587 319 714 350 trahere
746 329 809 349 non
844 318 1000 350 desistas:
1040 330 1099 350 nec
1135 319 1408 351 admonitionibus
1441 321 1635 352 dulcissimis
1668 321 1764 351 corda

111 371 234 402 arentia
259 371 397 412 inrigare
423 371 551 412 segnis³
576 374 662 408 esto,
693 374 727 401 ut
759 371 886 401 culmen
915 371 1078 402 nominate
1107 371 1272 412 dignitatis
1298 372 1329 402 in
1355 376 1386 403 tc
1413 373 1644 404 sublimitatem
1669 374 1764 404 meri-

116 427 221 453 torum
246 422 364 453 habeat
387 423 417 453 in
443 426 618 464 conspeetu
642 423 713 454 Dei.

216 473 288 505 Sint
312 474 411 505 verba
436 478 491 506 tua
516 475 584 506 sale
609 475 789 516 sapientiae
816 474 959 506 condita.
989 479 1024 505 ut
1048 474 1087 505 de
1113 480 1143 505 te
1170 475 1335 506 verissime
1361 475 1498 506 dicatur:
1534 476 1629 508 'Ecce
1655 487 1763 508 sacer-

110 526 168 557 dos
200 537 352 567 magnus,
389 527 442 568 qui
476 527 507 558 in
543 526 656 558 diebus
694 527 760 557 suis
796 527 918 568 placuit
948 526 1048 563 Deo';
1082 528 1135 568 qui
1169 527 1393 569 multiplicatis
1429 527 1588 559 dominice
1625 528 1761 569 pecunie

110 577 264 609 talentisb
280 577 420 608 Domino
447 588 504 608 suo
530 589 699 610 occurrere
718 578 834 620 dignus
852 579 1022 610 habeatur.
1047 584 1079 609 ct
1103 579 1214 610 audire
1233 590 1345 610 vocem
1366 579 1631 611 desiderabilem:
1658 580 1940 621 'Euge312m12.25‚21.

109 640 201 661 serve
228 629 312 660 bone
337 634 367 660 et
392 629 515 665 fidelis,
540 630 623 661 intra
648 631 679 661 in
703 630 857 672 gaudium
887 630 1006 661 domini
1031 630 1093 661 Dei
1119 630 1189 661 tui'.
1236 631 1395 672 Properat
1419 632 1502 662 enim
1528 632 1594 663 dics
1620 633 1762 663 ultimus.

109 686 140 712 ct
168 682 266 712 tacito
292 681 375 722 pede
404 682 492 712 fessa
523 686 673 713 senectus
704 683 884 723 ingreditur
913 682 1018 713 cubile
1048 683 1228 714 nostruml:
1261 686 1325 713 stat
1355 683 1394 713 ad
1420 684 1537 714 ostium
1569 684 1622 725 qui
1647 684 1762 725 pulsat,

110 734 136 764 si
161 734 226 764 leto
250 734 356 764 animo
382 732 556 764 adventum
580 733 682 775 ipsius
713 734 938 774 suscipiamus.
985 733 1064 765 Dies
1090 738 1164 765 sunt
1188 735 1282 776 pauci
1308 735 1427 766 laboris
1452 736 1570 766 nostri.
1597 735 1653 766 sed
1680 736 1761 766 bene

107 785 310 816 laborantem
336 785 480 826 sequitur
502 796 628 816 merces
661 786 730 816 sine
760 796 893 816 numero
923 785 1064 824 dierum.
1099 786 1166 816 eius
1199 786 1416 818 ordinatione.
1449 787 1500 828 qui
1527 787 1652 817 ordinat
1677 787 1761 818 diem

107 839 289 874 aeternum.
319 836 495 868 secundum
522 838 638 868 merita
670 838 889 879 singulorum:
921 838 953 867 in
985 838 1083 868 cuius*
1101 837 1195 868 domo
1226 839 1412 869 mansiones
1437 839 1558 869 multae
1585 843 1673 869 sunt:
1705 838 1760 870 sed
1773 852 1816 872 1011.
1830 855 1890 873 1422.

107 889 168 920 hae
197 899 308 920 omnes
337 888 458 919 divitiis
483 889 649 920 felicitatis
674 892 706 920 et
729 890 831 930 gloria
857 889 1066 920 beatitudinis
1092 894 1166 920 sunt
1194 890 1324 931 plenae.¹
1356 890 1410 921 ubi
1436 892 1539 921 sancti
1570 894 1642 932 post
1666 891 1760 921 huius

108 941 192 972 vitae
231 940 382 972 sudorem
415 946 547 972 aeterna
580 952 661 983 pace
686 942 843 979 fruuntur.
877 942 929 983 qui
965 946 1108 973 nostrum
1143 941 1182 973 de
1215 943 1364 983 supernis
1400 943 1532 974 sedibus
1567 946 1762 984 expectantc

108 1003 258 1034 agonem⁷
291 992 514 1024 desiderantes
540 1003 582 1024 ex
605 994 696 1024 nobis
721 993 833 1034 augeri
860 1003 1031 1024 numerum
1056 1003 1164 1031 suum⁷
1195 1004 1258 1035 quo
1284 997 1318 1024 tu
1342 1004 1536 1036 properans.
1570 994 1761 1025 beatissime

107 1048 208 1086 pater,
239 1055 355 1086 meque
384 1045 534 1086 precibus
559 1048 666 1076 tecum
698 1056 812 1086 rapere
839 1045 1017 1075 secundum
1043 1045 1249 1076 fidelissimas
1281 1046 1516 1086 promissiones
1542 1050 1613 1076 tuas
1638 1050 1760 1087 satage.

110 1100 145 1127 ut
169 1090 286 1127 corona
310 1097 433 1138 gloriae
458 1102 533 1128 tuae
558 1097 635 1128 mihi
660 1098 816 1139 proficiat,
843 1097 973 1128 Christo
999 1097 1156 1128 donante.
1182 1097 1214 1128 in
1238 1105 1430 1139 perpetuam
1457 1098 1674 1128 miserationis
1699 1098 1761 1129 Dei

107 1149 255 1180 salutem.

209 1201 326 1232 Divina
357 1203 461 1243 gratia
492 1206 523 1233 te
556 1206 691 1243 tuosque
720 1202 858 1233 fideliter
882 1203 915 1233 in
941 1203 1081 1234 ecclesia
1107 1202 1224 1233 Christi
1251 1203 1432 1233 servientes
1458 1203 1487 1233 in
1513 1203 1662 1234 omnibus
1688 1215 1759 1245 pro-

108 1254 205 1285 ficere
229 1254 337 1290 faciat,
361 1254 570 1286 dilectissime
595 1258 627 1286 et
652 1255 856 1286 sanctissime
881 1258 983 1296 pater.

897 1455 968 1485 311.
1005 1495 1008 1498 Δ

207 1515 361 1546 Alcvimcs
383 1515 628 1546 Aetlzelharclmn
656 1515 916 1545 C'antuaricnsem
939 1514 1202 1553 archiep[scopum
1227 1514 1378 1550 admonet,
1406 1516 1436 1544 ul
1461 1514 1560 1555 officii
1582 1514 1633 1544 sni
1651 1516 1760 1553 parles

106 1567 232 1606 impleat
253 1569 282 1598 et
299 1577 361 1606 pro
383 1577 446 1598 sese
470 1567 573 1598 Deum
598 1567 722 1598 invocet.
769 1566 873 1597 Mittit
896 1576 1036 1597 nzzcnera.
1489 1567 1671 1596 &OQ—1804.

209 1626 286 1652 Godd.
301 1628 327 1653 A
340 1631 356 1653 2
372 1628 420 1659 fol.
434 1630 578 1660 152—153‘,
599 1628 624 1653 A
640 1632 652 1653 1
670 1628 716 1658 fol.
731 1630 868 1659 123—125,
889 1628 915 1652 A
926 1627 954 1652 1*
971 1635 1000 1659 p.
1015 1630 1148 1652 144—147
1167 1634 1206 1651 nr.
1222 1630 1270 1652 104
1278 1632 1298 1650 ³.

210 1669 282 1696 Edd.
296 1670 419 1696 Haddcm
437 1671 494 1696 and
513 1670 607 1697 Stubbs
627 1670 751 1696 Cozmcils
770 1670 826 1702 ΙΙΙ,
840 1673 981 1701 552—554,
1001 1669 1023 1694 J
1032 1672 1091 1694 243.

157 1750 452 1775 REVERENTlssmo
471 1751 574 1775 PATRI
593 1750 853 1774 AETHELHARDO
872 1749 1141 1773 Ancfflffl’iscoro
1161 1749 1357 1772 ALcnvixts
1389 1749 1514 1779 LigvrrA
1535 1750 1712 1774 pauperes

712 1793 955 1817 BEATITUDINIS
975 1792 1144 1816 SALUTEM.

207 1844 354 1876 Audiens
388 1845 567 1887 sapientiae
601 1845 751 1876 decorem
788 1845 818 1875 in
861 1843 956 1875 corde
993 1847 1025 1874 et
1058 1843 1203 1874 veritatis
1240 1844 1455 1874 constantiam
1493 1844 1523 1874 in
1561 1854 1614 1874 ore
1650 1849 1756 1874 vestro

105 1897 234 1928 beatam
265 1897 456 1928 estimabam
486 1901 616 1939 gentem
649 1901 713 1928 tam
749 1897 836 1938 pium
869 1903 901 1927 et
934 1895 1126 1937 prudentem
1166 1895 1341 1926 habentem
1373 1895 1536 1926 doctorem
1569 1907 1692 1927 necnon
1726 1902 1757 1927 et

105 1954 169 1980 tam
193 1949 365 1991 probatum
390 1949 639 1981 intercessorem
664 1948 891 1990 apud-Deum.

210 2000 293 2036 Quia
327 2001 505 2032 sacerdotis
541 2001 755 2032 ministerium
793 2004 841 2030 est
877 2000 960 2030 inter
992 1999 1098 2030 Deum
1134 1999 1348 2040 hominesque
1385 2004 1471 2030 stare
1506 2004 1538 2030 et
1572 2004 1754 2030 sanctarum

103 2053 264 2084 turibulob
281 2054 463 2084 orationum
488 2053 572 2084 inter
596 2053 687 2083 vivos
712 2056 922 2093 mortuosque
940 2051 1139 2083 discernere.
1179 2051 1240 2082 Ille
1266 2055 1316 2082 est
1340 2052 1446 2092 gallus
1472 2052 1646 2082 succinctis
1672 2051 1872 2083 lum-1210v.30,
1888 2062 1919 2080 31.

102 2105 166 2143 bis,
191 2104 376 2146 predicator
400 2107 531 2146 optatae
556 2114 708 2139 aurorae,
740 2113 823 2144 quae
849 2113 1023 2144 numquam
1050 2103 1194 2134 tenebris
1219 2103 1374 2134 fuscatur.
1422 2103 1482 2134 Ille
1508 2108 1557 2134 est
1581 2103 1676 2134 aries.
1703 2103 1753 2134 cui

103 2156 222 2198 regalis
246 2157 391 2198 potentia
415 2157 568 2187 resistere
593 2167 658 2187 non
682 2156 811 2198 poterit.
852 2155 913 2186 Ille
938 2159 989 2186 est
1014 2155 1202 2196 speculator
1226 2156 1257 2186 in
1283 2160 1370 2187 turre
1388 2157 1541 2186 virtutum
1565 2156 1753 2189 consistens.

102 2208 273 2251 previdens
299 2209 410 2240 castris
436 2208 572 2239 Christi.
597 2219 637 2239 ne
663 2209 732 2250 quis
758 2208 921 2245 inimicus,
948 2208 1057 2238 hostili
1082 2217 1233 2238 mucrone
1259 2208 1340 2238 clam
1367 2207 1564 2239 succinctus
1590 2208 1753 2238 incautum

105 2261 283 2302 quemlibet
305 2261 476 2292 vulnerare
501 2261 618 2292 valeat.
663 2260 722 2291 Ille
747 2264 795 2291 est
821 2259 1082 2302 splendidissima
1106 2260 1137 2290 in
1161 2259 1256 2291 domo
1272 2259 1334 2290 Dei
1359 2260 1500 2290 lucerna.
1526 2270 1637 2290 omnes
1664 2260 1753 2301 igno-

102 2312 228 2344 rantiae
252 2313 403 2344 tenebras
429 2312 618 2349 discutiens,
643 2316 679 2342 ut
703 2313 772 2343 sola
796 2313 938 2343 veritasc
962 2312 1071 2343 luceat
1096 2312 1127 2342 in
1153 2311 1303 2343 cordibus
1329 2311 1541 2342 credentium.

206 2364 300 2396 Hanc
324 2365 514 2407 altissimam
539 2365 759 2405 vicariamque
785 2364 955 2406 apostolici
986 2363 1118 2394 honoris
1144 2363 1339 2405 dignitatem
1365 2363 1613 2404 diligentissime
1638 2374 1752 2395 sccun-

102 2416 177 2448 dum
203 2417 396 2459 sapientiam
420 2417 478 2448 tibi
503 2428 521 2448 a
546 2416 616 2448 Deo
642 2416 760 2452 datam,
785 2415 970 2447 dulcissime
994 2420 1097 2457 pater.
1123 2415 1299 2446 considera.
1348 2415 1482 2446 Honora
1508 2427 1579 2446 cum
1604 2416 1752 2457 apostolo

103 2469 319 2500 ministerium
343 2472 445 2508 tuum,
471 2469 623 2511 praedica
648 2468 781 2499 verbum
799 2467 862 2499 Dei
887 2468 973 2498 omni
991 2468 1124 2509 pietatis
1152 2468 1314 2498 instantia.
1356 2468 1472 2498 Messis
1498 2468 1627 2509 quidem
1652 2468 1753 2498 multa
1764 2460 1916 2510 ξῖζξζῂιζιξῇ

103 2524 161 2559 est,
187 2521 244 2552 sed
271 2521 410 2562 operarii
435 2521 539 2563 pauci.
587 2521 793 2562 Quapropter
817 2521 988 2550 instantius
1015 2519 1227 2560 laborandum
1253 2523 1302 2550 est
1326 2519 1399 2550 tibi.
1431 2511 1469 2549 ut⁴
1489 2520 1582 2550 simul
1608 2520 1751 2561 gaudeas
1764 2529 1808 2548 1011.
1819 2530 1839 2553 4,
1851 2531 1882 2549 36.

205 2634 228 2667 ⁸)
248 2643 341 2667 segnes
359 2634 395 2658 H.
466 2633 490 2664 1’)
510 2634 619 2658 talentcs
639 2633 674 2658 H.
746 2633 768 2665 c)
787 2638 904 2666 expectat
923 2634 958 2658 Η.

203 2676 261 2702 311.
294 2678 318 2709 ὃ)
332 2677 454 2702 Lemma.-
473 2677 618 2710 Epistola
637 2677 746 2701 Albini
766 2677 887 2702 levitae
905 2677 940 2701 ad
960 2677 1201 2702 Aedelhardum
1220 2676 1504 2708 archiepiscopum
1521 2677 1540 2699 Α
1560 2680 1577 2700 1.
1641 2675 1664 2698 m
1679 2676 1751 2700 turri-

101 2721 162 2746 bulo
182 2721 206 2745 A
221 2723 249 2750 2;
268 2721 400 2746 thuribulo
419 2721 442 2744 A
458 2720 492 2745 1*.
564 2720 587 2751 0)
606 2721 661 2744 alia
680 2729 772 2745 manus
790 2721 968 2753 superscripsit
987 2721 1027 2746 vel
1046 2721 1083 2745 sol
1103 2728 1178 2745 verus
1198 2720 1221 2743 A
1235 2722 1256 2744 2.

206 2790 230 2821 1)
252 2788 292 2820 Cf.
311 2796 397 2822 supra
411 2797 440 2822 p.
454 2792 504 2815 369
524 2793 595 2820 71.4;
621 2787 696 2814 Ουιίῑ.
710 2789 764 2814 Ars
784 2789 872 2814 Amat.
888 2789 926 2822 ΙΙ,
942 2792 1004 2815 670:
1029 2789 1086 2814 Iam
1111 2788 1204 2814 veniet
1228 2788 1315 2813 tacito
1339 2796 1421 2813 curva
1445 2790 1554 2814 senecta
1580 2788 1658 2822 pede,
1679 2787 1754 2819 ins'm

97 2840 125 2867 p.
138 2835 188 2858 -181
208 2841 228 2858 ι’.
243 2835 281 2858 20,

546 2874 556 2890 Ι
