2089 3171
703 171 851 198 ALCVINI
873 172 1078 198 EPISTOLAE.
1115 175 1174 200 281.
1700 178 1760 207 439

218 382 370 412 Alcumeus
399 382 586 421 (Ilsm'pulum
620 382 650 411 in
683 381 781 412 Italia
808 381 1059 420 peres1›·immlcm
1090 381 1133 411 acl
1166 383 1258 411 vitam
1293 384 1369 413 rcvlr
1404 383 1554 421 (mendam
1585 382 1765 421 litterasque

113 433 256 464 rolendas
278 432 469 463 exhortatur.
517 433 631 464 Stadia
654 433 726 463 olim
750 432 925 463 communia
949 433 983 462 ‘in
1007 433 1184 463 memoriam
1211 437 1340 466 revocat.
1499 435 1677 464 793—804.

217 492 279 518 Cod.
298 492 331 518 Η
343 493 387 524 1ὸί.
403 496 544 519 107—109.

220 537 289 562 Edd.
312 536 340 562 F
352 540 409 569 230,
429 538 452 563 J
464 542 518 564 28¹⁹.
539 553 569 556 —
589 537 682 571 Mifflzc
699 537 744 563 col.
762 540 812 562 175.

76 629 85 645 Γ»
116 627 225 650 ΡᾹῚῈΚ
248 627 347 651 fimo,
369 628 543 651 Iunii-ffel&
563 627 766 650 PEREGRlNo.
788 626 959 649 MAuls'l'ffle
982 626 1167 651 Dlsffll’ULo,
1188 626 1303 649 soclus*
1322 626 1418 649 socio
1439 626 1763 650 PEREGfflNsrwxlffl

66 889 89 906 10

65 1148 87 1166 15

62 1412 88 1431 20

65 1672 89 1691 25

65 1930 90 1949 ³0

64 2190 89 2210 35

64 2526 90 2544 40

722 669 966 693 SEMPlTl-JRNAM
988 669 1156 693 SALUTEM.

217 720 371 761 Magnum
403 721 494 757 mihi.
529 721 571 751 fili
603 720 784 751 carissimo.
821 720 859 751 de
894 724 1002 751 vestra
1035 720 1140 750 salute
1173 724 1205 750 et
1234 720 1447 761 prosperitate
1478 720 1674 750 desiderium
1705 724 1765 751 est.

114 771 193 802 Ideo
218 772 342 802 litteras
367 772 604 803 exhortationis
629 783 721 803 meae
745 772 813 802 vice
832 771 1003 802 verborum
1028 775 1184 813 paternae
1210 772 1341 812 pietatis
1366 771 1456 802 vobis
1482 772 1621 812 dirigcre
1646 771 1765 809 studui,

115 824 290 855 obsecrans
320 828 497 866 perpetuae
528 824 644 855 mentis
676 823 850 855 dilectione
882 828 915 855 et
944 827 1012 854 tota
1040 823 1164 854 virtutis
1188 823 1365 854 intentione
1390 823 1497 854 Deum
1523 828 1554 854 te
1586 824 1708 855 habere
1734 825 1764 854 in

118 877 217 907 oeulis
241 880 274 907 et
297 877 327 906 in
352 876 523 913 memoria.
549 880 707 917 quatenus
733 876 818 906 illius
844 876 989 918 piissima
1013 875 1237 906 misericordia
1262 880 1293 906 tc
1320 875 1480 906 custodire
1506 875 1658 917 dignetur
1683 877 1767 907 inter

115 927 251 959 adversa
280 932 312 959 et
344 929 428 959 inter
458 939 628 970 prospera.
666 932 701 959 ut
726 929 777 959 via
806 929 896 969 regia
926 938 1066 969 pergens
1092 927 1132 957 ad
1161 933 1338 970 perpetuae
1370 928 1509 958 civitatis
1540 931 1665 969 portam
1692 939 1764 970 per-

115 980 224 1011 venire
249 981 415 1012 merearis.
464 980 513 1011 Sit
537 981 596 1012 tibi
621 980 770 1012 Christus
796 982 827 1012 in
852 992 907 1012 ore
933 986 966 1012 et
991 981 1106 1017 corde.
1133 985 1164 1012 et
1188 981 1293 1022 operis
1319 980 1511 1011 constantia.
1558 980 1631 1010 Noli
1657 980 1765 1022 pueri-

113 1032 188 1063 liter
212 1043 308 1074 agere
334 1036 366 1064 et
389 1032 551 1064 desideria
575 1033 728 1064 iuvenilia
753 1034 886 1064 sectari.
913 1033 971 1064 sed
996 1033 1158 1075 perfectus
1183 1035 1254 1063 esto
1279 1032 1311 1062 in
1329 1032 1434 1062 omni”
1452 1031 1635 1068 honestate.
1662 1032 1765 1062 conti-

115 1084 230 1115 nentia‘
249 1088 281 1115 et
306 1084 477 1118 modestia.
510 1088 543 1115 ut
568 1084 717 1115 laudetur
740 1084 831 1116 Deus
856 1085 887 1115 in
913 1096 1011 1127 opere
1037 1090 1108 1121 tuo„
1143 1089 1176 1116 et
1200 1095 1264 1115 non
1290 1083 1549 1125 reprehendatur
1573 1088 1678 1125 pater.
1714 1084 1765 1125 qui

117 1140 148 1167 te
172 1137 294 1177 genuit.
340 1136 420 1168 Esto
447 1137 575 1168 sobrius
600 1137 630 1167 in
656 1136 726 1168 cibo
752 1148 789 1167 ac
813 1141 890 1178 potu
917 1137 1014 1167 saluti
1040 1141 1114 1167 tuae
1139 1137 1242 1178 magis
1268 1135 1475 1177 praevidens.
1501 1146 1596 1176 quain
1623 1135 1765 1166 delecta-

114 1189 201 1220 tione
235 1190 368 1227 carnali.
403 1190 453 1221 vel
480 1190 655 1220 vanissima
688 1189 854 1220 hominum
884 1189 994 1223 laude.
1029 1200 1112 1231 quae
1142 1199 1204 1220 non
1230 1188 1371 1230 proficit,
1404 1187 1430 1218 si
1454 1187 1526 1218 Deo
1550 1187 1766 1229 displiceantb

113 1244 205 1272 actus
231 1242 286 1272 tui.
325 1241 445 1272 Melius
471 1246 521 1272 est
537 1241 609 1273 Deo
634 1242 764 1283 placere
789 1253 885 1283 quam
910 1242 1151 1275 histrionibusv.
1178 1251 1358 1283 pauperum
1386 1240 1508 1271 habere
1534 1251 1644 1270 curam
1670 1251 1766 1281 quam

113 1293 315 1324 mimorum².
363 1293 435 1324 Sint
458 1293 516 1324 tibi
541 1293 676 1325 honesta
701 1294 849 1325 convivia
874 1298 906 1325 et
931 1295 1085 1325 convivae
1115 1294 1279 1335 relegiosi.
1319 1292 1399 1323 Esto
1423 1292 1532 1323 senior
1556 1293 1585 1322 in
1610 1292 1766 1325 moribus.

113 1346 258 1386 quamvis
283 1346 387 1376 iunior
411 1346 444 1376 in
467 1346 571 1378 annis.
616 1345 726 1378 Nimia
750 1357 898 1388 quaeque
922 1350 1039 1377 nocent
1050 1347 1071 1377 ³.

219 1397 314 1428 Italia
338 1397 462 1429 infirma
488 1402 538 1429 est
561 1398 686 1440 patria*
711 1402 742 1429 et
767 1408 859 1429 escas
884 1401 1021 1439 generat
1037 1398 1162 1428 noxias.
1203 1396 1350 1428 Iden-00¹1
1368 1396 1555 1426 cautissima
1581 1395 1766 1426 considera-

115 1449 203 1480 tione
228 1449 348 1487 videas,
374 1449 459 1491 quid.
485 1450 623 1491 quando.
650 1450 699 1481 vel
725 1450 874 1492 qualiter7
902 1450 952 1480 vel
977 1450 1094 1491 quibus
1119 1450 1221 1480 utaris
1248 1449 1345 1481 cibis:
1379 1452 1410 1479 et
1433 1449 1574 1479 maximo
1600 1448 1768 1479 ebrietatis

116 1500 339 1532 assiduitatem
366 1501 484 1535 devita.
510 1503 584 1544 quia
610 1514 650 1534 ex
674 1503 739 1533 vini
764 1503 870 1534 calore
896 1496 1034 1533 febrium
1060 1502 1155 1533 ardor
1179 1503 1331 1543 ingruere
1357 1501 1441 1532 solet
1466 1511 1562 1542 super
1588 1500 1733 1530 incautos
1745 1500 1766 1530 ⁵.

219 1553 324 1585 Tedet
354 1555 480 1586 animus
509 1565 601 1586 meus
632 1555 768 1585 multum
799 1566 854 1596 pro
886 1555 1033 1586 absentia
1063 1555 1120 1586 tui.
1169 1553 1196 1585 O
1229 1564 1325 1595 quam
1355 1552 1459 1584 dulcis
1485 1553 1550 1583 vita
1582 1552 1655 1585 fuit.
1692 1552 1767 1582 dum

116 1606 309 1638 sedebamus
349 1607 450 1648 quieti
480 1608 564 1638 inter
600 1608 757 1649 sapientis
792 1608 940 1639 scriniaru
974 1607 1057 1638 inter
1092 1607 1248 1637 librorum
1286 1605 1410 1646 copias,
1446 1605 1530 1635 inter
1565 1604 1768 1635 venerandos

118 1662 245 1700 patrum
270 1669 400 1690 sensus:
425 1659 540 1700 quihus
565 1659 644 1690 nihil
670 1659 787 1694 defuit,
812 1659 895 1700 quod
922 1660 1106 1700 relegiosae
1131 1659 1218 1689 vitae
1244 1663 1276 1689 et
1301 1657 1405 1688 studio
1431 1657 1585 1687 scientiae
1611 1656 1767 1697 deposce-

119 1710 183 1742 bat.
231 1710 369 1742 Utamur
393 1715 503 1742 tamen
529 1715 613 1742 sorte
638 1712 803 1753 praesenti
829 1711 1007 1742 secundum
1032 1712 1185 1742 virtutem
1211 1709 1355 1741 animae.
1381 1709 1412 1740 in
1438 1708 1543 1750 gratia
1568 1707 1767 1739 confidentes

117 1762 242 1794 divina.
275 1774 356 1805 quae
381 1774 438 1794 nos
470 1774 644 1805 numquam
676 1763 884 1805 derelinquit,
918 1764 941 1794 si
968 1768 1066 1794 totam
1092 1774 1183 1805 spem
1209 1772 1367 1804 ponamus
1394 1762 1425 1792 in
1451 1760 1548 1791 illam.
1596 1760 1665 1801 Ego
1692 1770 1766 1791 vero

118 1815 263 1847 tediosus
289 1822 321 1847 et
345 1817 447 1847 tristis
472 1816 723 1847 desiderabilem
751 1825 879 1847 vestrae
904 1817 998 1847 faciei
1023 1815 1248 1858 praestolabor
1272 1817 1456 1856 aspectum.
1490 1814 1659 1854 ignorans,
1685 1813 1710 1842 si
1736 1817 1767 1843 te

116 1868 299 1898 venientem
323 1868 432 1898 videre
455 1879 597 1899 merear.
632 1869 683 1899 vel
710 1869 734 1898 si
762 1873 795 1899 tu
819 1879 869 1899 me
895 1869 1029 1899 veniens
1054 1856 1197 1898 invenire
1226 1867 1398 1898 merearis:
1431 1865 1557 1896 occulta
1583 1869 1657 1895 sunt
1682 1866 1767 1895 enirn

117 1919 236 1950 iudicia
260 1919 337 1959 Dei,
362 1926 535 1962 praeparet
560 1921 620 1951 sibi
645 1921 867 1963 unusquisque
894 1919 1060 1961 lampades
1086 1919 1247 1950 ardentes.
1273 1924 1306 1949 ut
1331 1928 1522 1959 quacunque
1549 1917 1626 1947 hora
1651 1927 1768 1958 sponso

117 1981 286 2003 occurrere
310 1972 471 2004 iubeatur.
497 1983 567 2003 cum
591 1973 662 2003 luce
687 1973 842 2003 bonorum
862 1982 995 2014 operum
1014 1972 1192 2002 thalamum
1211 1971 1335 2001 aeterni
1352 1970 1439 2011 regis
1458 1970 1576 2000 intrare
1595 1973 1768 2000 mereatur.

221 2023 254 2055 Si
278 2023 354 2065 quid
378 2024 409 2055 in
434 2023 524 2055 nobis
549 2024 653 2055 bonae
679 2023 924 2055 consuetudinis
949 2023 1068 2054 vidisti.
1094 2022 1176 2053 hanc
1194 2033 1342 2064 sequere.
1367 2026 1401 2052 ut
1426 2021 1688 2053 benedictionem
1708 2020 1767 2051 Dei

116 2086 156 2106 ex
189 2075 244 2106 illa
274 2076 393 2107 habere
422 2077 596 2108 merearis:
627 2077 652 2107 si
684 2076 759 2118 quid
784 2087 860 2107 vero
892 2076 1009 2107 erroris
1044 2080 1076 2106 et
1106 2074 1214 2117 impiis
1235 2075 1388 2111 tramitis.
1423 2074 1531 2105 huncss
1555 2073 1706 2104 horresce
1737 2077 1769 2104 et

114 2128 221 2169 fugias
253 2128 292 2160 ab
322 2128 395 2167 enh,
428 2139 468 2160 ne
500 2129 620 2160 nostris
652 2129 795 2170 peccatis
826 2129 993 2159 nobiscum
1024 2128 1208 2159 involvaris.
1267 2127 1390 2158 Cursus
1424 2126 1575 2156 cotidiani
1606 2136 1768 2166 synaxeos

119 2190 190 2210 cum
207 2181 375 2212 missarum
394 2181 559 2212 solemniis
577 2184 609 2212 et
627 2181 742 2222 vigiliis
765 2185 946 2212 sanctorum
966 2179 1126 2211 cotidiano
1145 2190 1214 2210 usu.
1240 2181 1271 2210 in
1297 2179 1420 2220 capella
1446 2183 1554 2209 nostra
1580 2183 1614 2208 ut
1636 2177 1769 2210 vidistis.

218 2310 277 2337 281.
320 2311 344 2343 ⁸)
367 2312 454 2337 homni
479 2311 515 2336 H.
598 2310 622 2341 b)
647 2311 789 2344 displicient
815 2311 849 2335 H.
934 2311 957 2342 c)
981 2311 1121 2336 strionibus
1146 2310 1181 2334 H.
1262 2308 1286 2341 d)
1311 2310 1417 2334 idcircor
1441 2309 1474 2333 Η.
1557 2308 1579 2339 e)
1604 2309 1710 2333 scrinias
1735 2307 1770 2332 H.

115 2354 134 2387 f)
154 2356 231 2388 impie
250 2355 286 2380 H.
357 2356 380 2385 Β)
399 2355 465 2380 hanc
485 2355 519 2380 H.
591 2354 615 2380 ’ἢ
635 2364 665 2381 ea
685 2355 719 2379 H.

221 2433 246 2462 1)
267 2432 392 2458 Candido
408 2432 526 2465 fortasse,
546 2441 604 2458 ciem
624 2433 651 2457 in
672 2432 781 2457 Italiam
801 2431 890 2464 abiret,
911 2433 958 2456 αιιὶ
974 2431 1076 2463 Osulfo.
1097 2439 1173 2464 quem
1193 2431 1220 2456 in
1242 2429 1437 2461 Langobanlia
1456 2429 1595 2455 decessisse
1614 2437 1645 2454 w:
1667 2428 1771 2453 i-llcrini

117 2475 170 2501 vita
186 2476 218 2507 (c.
232 2477 273 2506 12)
287 2475 428 2502 discimus:
448 2476 550 2509 Anqlos
569 2478 673 2500 [mitum
691 2475 771 2501 socios
781 2474 1004 2507 pereqrinalimzis
1020 2482 1112 2499 vocare
1122 2474 1218 2507 poluit.
1284 2475 1310 2498 2‘»
1326 2473 1471 2506 2111511'll1erli
1484 2480 1597 2497 artiorem
1612 2472 1769 2504 spectaculo-

117 2527 176 2545 rum
196 2520 253 2545 Alc.
266 2520 370 2552 saepius
388 2520 537 2552 impuynal,
558 2520 592 2550 cf,
604 2527 659 2551 epp.
679 2522 730 2543 155.
750 2522 804 2543 237.
845 2517 975 2550 Hiqbaldo
994 2518 1115 2550 episcopo
1134 2517 1196 2542 llaec
1209 2517 1297 2542 scribit
1312 2522 1349 2548 (p.
1367 2519 1436 2548 115'·3).·
1456 2516 1553 2541 Melius
1574 2518 1613 2540 mr
1636 2523 1771 2548 pauperes

116 2563 196 2589 edere
215 2563 249 2589 de
268 2572 362 2589 mensa
380 2565 437 2593 tua,
457 2571 541 2596 quam
560 2563 687 2588 istriones
707 2563 748 2587 vel
770 2561 921 2587 luxoriosos
941 2561 1088 2594 quoslibet.
1119 2553 1123 2560 ¹
1160 2562 1186 2587 3»
1208 2560 1248 2591 Cf.
1270 2560 1374 2585 Alcrini
1391 2559 1587 2591 yrammalifflm
1606 2558 1771 2585 (Frobemus

118 2605 156 2638 lt,
176 2608 247 2639 26⁶9:
276 2606 380 2632 Notum
410 2608 451 2632 est
479 2606 572 2631 omnia
597 2605 683 2631 nimia.
711 2613 820 2632 nocere:
849 2604 889 2630 Dc
916 2604 1007 2629 rethma
1030 2604 1067 2630 acl.
1088 2604 1171 2629 Halm
1193 2612 1220 2636 p.
1243 2606 1303 2629 547.-
1332 2603 1362 2627 In
1392 2602 1526 2627 ecclesiast.
1548 2601 1642 2630 (Et-011.
1661 2601 1682 2632 I,
1703 2604 1771 2632 429).

115 2650 142 2681 4)
155 2650 196 2676 De
213 2650 330 2682 febri'tms
344 2650 474 2676 Romanis
492 2651 525 2681 cf.
538 2654 636 2682 1›.290,
655 2652 677 2674 et
696 2649 728 2673 de
743 2648 880 2682 pestilente
899 2656 957 2673 aere
976 2647 1089 2680 reqionis
1106 2647 1312 2672 Bcnerctztanac
1329 2654 1354 2677 ῃ.
1365 2648 1412 2671 30¹7
1430 2649 1492 2670 ⁷132.
1559 2645 1585 2670 5»
1601 2644 1641 2675 (γ’.
1658 2643 1769 2668 Carmen

121 2693 222 2720 Alcvini
239 2693 275 2720 ad
292 2693 496 2727 Memiimnynzcm
515 2693 601 2720 (Poet.
622 2693 707 2719 Carol.
728 2693 752 2724 Ι,
766 2696 827 2725 260)
848 2701 867 2717 r.
880 2696 977 2718 15-17
983 2700 989 2717 .·

583 2737 656 2764 Noli.
677 2738 750 2762 nate.
770 2744 874 2769 precor,
894 2735 982 2761 multo
1001 2737 1028 2760 te
1049 2734 1161 2768 perdere
1183 2733 1254 2759 vino.

582 2781 644 2806 Non
665 2779 747 2806 escis:
767 2779 814 2805 ille
834 2781 875 2805 est
894 2779 1026 2813 quoniam
1046 2780 1089 2803 sat
1109 2776 1223 2811 pestifer
1241 2776 1322 2801 orbis.

584 2824 620 2849 Ex
643 2832 705 2849 esca
725 2825 752 2848 et
773 2825 839 2856 potu
861 2822 947 2849 morbi
966 2823 1136 2855 generantur
1155 2820 1250 2845 amari.

1798 324 1965 354 793—804

1779 1874 1805 1893 cs.
1819 1873 1855 1893 ΡΞ.
1871 1874 1902 1897 35,
1919 1874 1936 1892 ἶ,

1779 1926 1807 1945 cf.
1819 1924 1896 1946 Matth.
1908 1926 1940 1949 25,
1953 1926 1972 1944 1.
