2089 3171
49 760 73 778 10

50 1021 73 1039 15

47 1285 72 1303 20

47 1803 72 1820 ³0

47 2062 71 2080 ³5

48 2495 74 2514 40

649 189 799 216 ALCVINI
819 189 1027 215 EPISTOLAE.
1064 191 1122 216 255.
1143 190 1200 216 2:36.
1687 192 1748 221 4¹3

99 278 268 320 pontifices
295 277 493 318 splendescit
518 280 550 306 et
576 276 633 307 sub
659 277 783 307 duabus
803 276 1123 317 metropolitanorum
1149 277 1353 307 civitatibus¹
1372 287 1435 307 una
1462 277 1597 318 pietatis
1622 280 1652 306 et
1671 288 1746 307 con·
1783 278 1845 308 802

100 329 227 360 cordiae
253 330 341 370 viget
365 329 525 365 voluntas,
552 329 633 358 sicut
658 329 688 358 in
714 328 828 358 litteris
854 332 979 358 vestrae
1006 327 1215 358 beatitudinis
1242 329 1360 359 lectum
1385 329 1562 359 intellexi&

204 381 246 411 At
273 391 372 413 nunc.
404 384 567 421 potestate
593 380 774 421 corrigendi
799 383 934 421 accepta
959 383 992 410 et
1022 379 1171 410 libertate
1201 380 1387 421 predicandi
1419 381 1616 416 condonata.
1649 380 1749 410 nolite

101 434 231 464 timere.
264 433 361 463 nolite
392 436 509 464 tacere.
558 432 727 463 Silentium
753 433 784 462 in
815 431 984 462 sacerdote
1016 432 1177 472 pernicies
1209 437 1259 462 cst
1290 433 1409 474 populi.
1463 432 1661 463 Mementote
1693 443 1750 462 vos

101 485 211 516 oculos
238 495 310 515 esse
334 485 458 526 patriae
485 484 642 515 caelestis.
668 484 849 525 sapientiae
875 484 947 514 luce
964 483 1105 514 refertib.
1148 483 1332 514 Illuminate
1351 486 1486 525 patriam
1505 488 1637 515 sanctae
1656 495 1749 526 prae-

100 537 271 568 dicationis
308 536 497 578 splendore:
536 536 676 567 adunate
712 535 964 567 consacerdotes
998 539 1123 565 vestros
1160 536 1191 565 in
1227 537 1387 566 communi
1421 537 1557 567 concilio
1594 540 1751 578 oportuno

100 593 245 631 tempore
272 593 303 619 et
329 589 415 618 loco:
454 588 639 629 coniungite
669 587 801 618 dextras
831 587 1040 623 concordiae.
1077 587 1185 618 diruta
1216 592 1383 621 renovate,
1418 588 1553 619 discissa
1583 589 1747 619 resarcite.

101 641 291 672 conturbata
327 640 489 672 ordinate.
526 641 698 681 unicuique
731 651 889 681 personae
926 651 1016 670 suam
1052 640 1260 670 restituentes
1292 639 1500 680 dignitatem.
1537 641 1750 682 apostolicam

99 693 318 734 recogitantes
351 692 581 726 intentionem,
616 692 669 733 qui
701 693 762 722 ait:
798 692 925 722 ‘Omnia
957 691 1105 722 omnibus
1136 691 1256 726 sactus,
1288 696 1321 722 ut
1351 703 1462 722 omnes
1494 691 1880 726 hlc1·ificarem⁰⁷..·f.near.
1892 707 1954 726 ame.

102 744 216 776 Estote
242 745 273 775 in
306 743 495 775 fortitudine
527 744 663 777 arietes:
699 755 793 785 quem
827 744 1056 785 sapientissimi
1083 743 1266 774 Salomonis
1298 743 1489 785 paradigma
1519 744 1672 775 decantat
1696 744 1749 774 ubi

99 797 158 828 ait:
184 796 300 835 ‘Ari-es,
326 806 388 827 non
414 800 464 827 est
489 806 546 826 rex
571 796 624 837 qui
649 797 781 827 resistat
805 795 856 828 ei'.
1761 810 1912 831 esox-‚zona

202 847 317 879 Divisa
348 851 398 879 est
432 847 644 878 sacerdotalis
682 852 778 889 atque
812 848 930 889 regalis
963 848 1119 889 potentia.
1182 847 1241 878 Illa
1276 851 1383 888 portat
1417 847 1539 878 clavem
1574 848 1604 878 in
1641 848 1748 889 lingua
1762 861 1914 885 Mammam.

99 901 250 932 caelestis
279 900 385 941 regni,
415 900 474 930 iste
499 900 643 941 gladium
670 899 709 930 ad
735 899 911 930 vindictam
937 910 1064 930 reorum
1075 900 1098 930 Ἰ.
1145 899 1210 930 Sed
1235 900 1335 930 multo
1362 900 1580 939 praestantior
1605 904 1750 941 potestas
1761 900 1908 923 cf·¹-P‘⁴¹s·'—’»

1791 929 1859 946 12214.

100 964 182 994 quae.
216 953 371 989 viviticat,
404 962 498 993 quam
531 952 585 982 illa
616 962 697 993 quae
729 952 859 982 occidit:
895 952 968 993 quia
999 952 1113 982 melior
1142 956 1191 982 est
1216 951 1282 982 vita
1307 962 1402 993 quam
1429 962 1528 982 mors.
1565 952 1678 983 melior
1702 957 1750 982 est

102 1010 214 1037 eterna
238 1005 405 1037 beatitudo
430 1005 546 1046 quam‘¹
573 1005 760 1047 temporalis
786 1004 976 1035 iocunditas.
1017 1003 1108 1038 Quae
1133 1003 1242 1034 multis
1260 1004 1442 1034 maculatur
1466 1003 1751 1035 adversitatibus¹*.

99 1059 154 1089 illa
178 1058 345 1100 perpetuis
370 1061 538 1098 permanet
563 1057 686 1087 letitiae
712 1056 814 1087 bonis.
857 1056 891 1086 Si
910 1056 990 1086 haec
1008 1059 1097 1086 tanto
1124 1055 1287 1086 desiderio
1314 1059 1442 1086 amatur
1467 1056 1656 1098 temporalis
1675 1057 1751 1088 vita,

99 1121 182 1152 quae
206 1111 268 1141 cito
294 1109 437 1140 finienda
461 1113 525 1143 est,
557 1112 677 1150 quanta
707 1108 862 1139 aviditate
888 1108 1058 1149 diligenda
1084 1113 1133 1138 est
1157 1108 1228 1138 illa.
1265 1109 1354 1138 cuius
1386 1107 1550 1138 beatitudo
1576 1118 1751 1149 numquam

98 1162 195 1193 finem
227 1162 377 1192 habitura
408 1165 478 1192 est?
516 1161 546 1191 in
579 1171 642 1202 qua
675 1171 851 1202 paucorum
886 1160 980 1191 huius
1009 1161 1095 1191 vitae
1127 1160 1256 1191 labores
1293 1160 1417 1191 dierum
1455 1164 1589 1191 eternae
1627 1160 1751 1201 gloriae

100 1214 362 1245 remunerabitur
387 1213 509 1255 requie.

202 1266 275 1297 Non
310 1267 350 1297 sit
380 1265 493 1296 durum
527 1264 752 1296 sacerdotibus
784 1264 903 1295 Christi
934 1264 1021 1306 loqui
1050 1274 1107 1306 pro
1139 1264 1267 1295 Christo
1306 1267 1338 1294 et
1374 1263 1543 1305 predicare
1576 1263 1752 1294 Christum.

99 1318 132 1349 Si
156 1319 269 1360 lingua
292 1328 354 1348 non
385 1321 493 1349 cessat
522 1318 552 1348 in
586 1316 783 1359 predicando
810 1316 990 1351 Christum.
1029 1315 1177 1346 Christus
1211 1326 1272 1346 non
1304 1315 1407 1346 deerit
1440 1316 1470 1346 in
1502 1315 1752 1346 remunerando.

96 1370 209 1402 Verba
233 1371 376 1412 proferat
407 1369 559 1400 sacerdos
593 1370 624 1400 in
658 1370 796 1400 salutem
830 1368 1041 1399 audientium.
1089 1368 1288 1410 Multiplicet
1322 1368 1381 1399 sibi
1417 1368 1557 1399 honores
1590 1369 1620 1398 in
1653 1379 1752 1409 regno

96 1422 175 1460 Dei,
215 1423 246 1453 in
283 1433 344 1463 quo
387 1426 421 1452 ut
455 1422 593 1452 feliciter
629 1431 764 1462 regnare
802 1424 979 1452 mereatur.
1019 1420 1070 1451 hic
1107 1421 1266 1451 instanter
1302 1419 1491 1461 praedicare
1529 1431 1592 1450 non
1631 1424 1751 1451 cesset.

99 1474 303 1516 Sanctaeque
320 1473 571 1515 praedicationis
590 1473 688 1503 verba
706 1473 865 1514 exemplis
888 1473 1045 1503 bonorum
1064 1482 1198 1513 operum
1216 1476 1249 1502 ut
1268 1472 1539 1503 confirmandumf
1555 1472 1694 1503 studeat.
1718 1476 1753 1503 ut

67 1548 71 1557 ,
102 1526 209 1557 videat
233 1526 361 1558 auditor
384 1527 414 1557 in
440 1526 506 1556 vita
530 1526 628 1558 illius.
654 1525 739 1567 quod
764 1525 896 1556 audiatg
921 1536 961 1556 ex
987 1535 1041 1555 ore
1067 1525 1146 1556 eius.
1187 1524 1313 1555 Memor
1337 1524 1436 1566 ipsius
1454 1525 1600 1555 veritatis
1619 1528 1751 1555 senten-

97 1579 174 1609 tiam
183 1578 207 1617 ¹¹.
233 1589 294 1620 qua
312 1578 479 1619 distinguit
504 1577 746 1620 praedicatores
764 1588 827 1608 non
845 1578 1003 1609 facientes
1022 1580 1054 1607 et
1071 1577 1230 1608 facientes
1248 1576 1495 1618 predicatores‘7
1521 1577 1575 1608 ubi
1595 1578 1653 1608 ait:
1680 1576 1751 1612 *Qui
1764 1586 1869 1606 innuen.

98 1631 230 1662 solverit
254 1641 352 1662 unum
378 1630 416 1661 de
441 1630 601 1661 mandatis
627 1630 695 1661 istis
721 1631 861 1661 minimis
886 1634 917 1660 ct
942 1629 1088 1660 docuerit
1114 1629 1159 1660 sic
1184 1629 1342 1663 homines,
1368 1629 1519 1659 minimus
1537 1628 1704 1659 vocabitur
1721 1630 1753 1659 in

98 1693 197 1724 regno
222 1683 399 1714 caelorum:
425 1683 477 1724 qui
497 1686 606 1712 autem
623 1681 737 1712 fecerit
756 1686 789 1713 et
809 1681 964 1717 docuerit.
989 1681 1040 1712 hic
1058 1692 1195 1723 magnus
1215 1681 1381 1712 vocabitur
1399 1681 1429 1711 in
1447 1691 1547 1721 regno
1566 1680 1753 1712 caelorum'.

201 1734 365 1776 Perpetua
391 1735 607 1776 redemptoris
633 1735 733 1765 nostri
751 1735 856 1776 pietas
882 1738 925 1773 te.
951 1735 1154 1765 sanctissime
1172 1738 1274 1775 pater.
1301 1744 1373 1764 cum
1392 1733 1540 1764 omnibus
1562 1733 1752 1764 Britanniae

100 1786 323 1818 sacerdotibus
347 1787 379 1817 in
404 1787 488 1817 omni
514 1790 646 1817 sanctae
672 1785 905 1828 predicationis
931 1786 1048 1817 verbo.
1082 1786 1112 1816 in
1145 1786 1231 1816 omni
1265 1786 1440 1826 religiosae
1468 1786 1551 1816 vitae
1577 1796 1750 1815 conversa-

97 1839 185 1870 tione
210 1839 250 1870 ad
275 1840 412 1870 salutem
436 1839 535 1869 totius
561 1838 670 1880 populi
695 1838 862 1869 christiani
889 1841 1003 1869 eterna
1027 1837 1256 1869 benedictione
1282 1849 1408 1879 regere.
1434 1838 1592 1869 exaltare.
1619 1841 1651 1868 et
1675 1848 1751 1868 con-

99 1901 231 1922 servare
256 1890 415 1932 dignetur.

201 1942 333 1974 Domini
358 1942 555 1974 sanctissimi
581 1945 613 1973 et
637 1941 943 1979 desiderantissimi,
975 1942 1099 1983 patriae
1125 1942 1264 1979 lumina,
1291 1943 1375 1972 vitae
1401 1942 1569 1979 doctores,
1600 1942 1752 1972 ianitores

98 1995 190 2036 regni
221 1994 285 2026 Dei
317 1999 349 2026 et
382 1994 505 2026 iudices
542 1994 627 2025 inter
660 1995 860 2036 apostolicas
898 1994 1009 2028 sedes,
1042 1994 1115 2025 misi
1144 1994 1310 2025 dilectioni
1345 1998 1471 2024 vestrae
1507 2004 1604 2024 unam
1634 1993 1752 2034 pallam

100 2046 274 2078 storacenk
297 2050 330 2078 et
361 2057 460 2078 unum
484 2046 639 2078 vestitum
662 2046 813 2077 karitatis
845 2046 965 2087 gratia.
997 2056 1060 2077 non
1091 2046 1266 2078 cuiuslibet
1290 2046 1383 2077 vobis
1409 2046 1617 2077 necessitatis
1643 2055 1751 2075 causa.

99 2099 191 2135 Quae
216 2100 351 2131 obsecro
373 2103 514 2131 vestram
540 2099 698 2141 pietatem
723 2098 864 2139 benigne
890 2099 1066 2140 suscipere.
1092 2099 1195 2139 magis
1221 2098 1479 2129 considerantes¹
1498 2097 1751 2128 munificentiam

100 2152 249 2183 karitatis
275 2163 369 2194 quam
396 2152 588 2182 munuscula
613 2150 791 2192 parvitatis.

889 2317 961 2347 256.

201 2377 356 2408 Alcvimcs
376 2377 517 2417 episcopo
540 2376 662 2407 cuidam
683 2376 908 2417 (Aethcllmrdo
927 2376 1190 2413 oswium-lensi&
1215 2375 1439 2406 restitutionem
1460 2374 1662 2414 mandatur:
1685 2373 1753 2403 ‹lm-

99 2438 208 2459 conum
231 2428 274 2460 ad
297 2439 365 2459 eum
389 2428 518 2458 missmn
541 2428 570 2458 ci
592 2428 791 2459 commendat.
1581 2426 1668 2455 ⁸02?

205 2489 288 2517 Codcl.
308 2491 334 2516 A
348 2493 364 2516 2
382 2489 429 2521 fol.
444 2491 589 2521 uxr—1672
609 2489 635 2514 A
647 2490 675 2514 1*
694 2492 778 2521 71-10'7
796 2497 821 2514 η,
837 2493 907 2514 119³.

204 2532 257 2559 Ed.
279 2534 300 2559 J
315 2536 373 2559 298.

203 2614 226 2644 ²)
246 2613 295 2637 huc
313 2621 390 2644 usque
409 2612 472 2637 Will.
543 2611 568 2637 b‘,
587 2612 674 2636 resecti
689 2611 711 2635 A
729 2615 747 2636 1.
820 2612 841 2641 ο)
862 2621 928 2636 corr.
945 2612 971 2635 in
985 2612 1161 2635 luci-istieercm
1176 2612 1200 2634 A
1216 2611 1250 2635 1¹⁶.
1323 2609 1348 2640 (ἰ)
1368 2618 1415 2633 om.
1431 2609 1453 2632 ,1
1471 2612 1488 2632 1.
1561 2612 1582 2630 [Η
1602 2615 1660 2631 eum
1677 2607 1699 2629 A
1716 2606 1754 2634 1*‚·

99 2657 278 2689 superscripsit
299 2665 392 2681 manus
409 2665 496 2681 recens
516 2656 542 2680 in
562 2656 586 2679 A
602 2659 620 2680 l.
692 2654 710 2679 s)
731 2656 918 2680 contii-matium
939 2655 961 2679 A
978 2658 1002 2682 l,-
1027 2656 1176 2679 coutirmare
1198 2654 1219 2677 ,1
1240 2653 1263 2677 1*
1279 2662 1329 2684 pro
1351 2658 1378 2677 ut
1397 2653 1464 2677 cous.
1543 2655 1567 2672 13¹
1587 2650 1659 2674 audit
1679 2651 1701 2673 A
1717 2649 1752 2673 1¹⁶.

100 2699 125 2732 h)
144 2701 284 2725 sententiae
304 2700 327 2724 A
341 2700 376 2724 1¹².
462 2699 477 2721 ii
498 2699 610 2731 sequitur
629 2699 655 2722 ln
675 2699 698 2722 A
716 2702 738 2722 l:
761 2707 813 2730 qua
831 2699 931 2729 dicitur,
951 2699 995 2722 uhi
1015 2699 1058 2723 ait.
1136 2697 1160 2721 k,
1181 2702 1289 2722 stoream
1311 2696 1333 2719 *l
1353 2696 1384 2720 l*.
1464 2693 1481 2715 li
1501 2694 1673 2718 desiderantes
1694 2693 1716 2716 A
1735 2696 1753 2716 1.

204 2743 263 2768 256.
290 2745 315 2775 ³)
334 2743 452 2768 Lemma:
474 2743 617 2775 Epistola
638 2742 747 2766 Albini
767 2742 790 2765 A
807 2746 825 2767 1.

205 2805 229 2836 1)
251 2802 438 2829 Οιιηίιιανίεηειῖ
458 2805 479 2827 ct
500 2801 666 2827 Eborcaeensi.
737 2802 763 2833 2)
785 2801 825 2833 (If.
838 2809 922 2834 supra
939 2810 966 2834 p.
982 2806 1015 2827 4⁸
1035 2810 1059 2826 ιι.
1076 2805 1098 2829 1,·
1118 2800 1231 2826 Hieron.
1245 2807 1281 2831 (ψ.
1296 2802 1328 2823 rw
1346 2799 1426 2830 (0111).
1442 2797 1554 2829 1,340):
1574 2795 1620 2820 ille
1640 2804 1754 2828 corpora

101 2846 223 2873 custodit
241 2846 275 2872 ad
295 2848 420 2877 mortem,
440 2846 484 2871 hic
503 2846 610 2871 animas
630 2846 721 2871 servat
741 2844 776 2870 ad
796 2844 891 2870 vitam.

1880 1589 1908 1607 19.
