2089 3171
558 167 742 193 AFPENDIX
765 168 812 193 An
833 167 980 194 ALCVINI
1002 168 1203 194 EPISTOLAS.
1241 169 1265 195 ²2.
1675 173 1735 203 4S5

88 264 170 295 quae
196 258 228 285 et
252 258 372 295 quanta
397 254 489 285 nobis
519 255 770 295 promittunturss
804 256 834 284 in
865 255 980 286 caelis.
1013 256 1169 285 vilescunt
1194 256 1302 286 onmia
1328 266 1409 286 vana
1433 260 1465 287 et
1489 257 1626 293 lubrica,
1653 268 1737 299 quae
1760 269 1785 289 c.
1801 260 1992 290 Sei-814⁴!

88 306 248 336 habentur
272 307 303 336 in
329 306 433 337 terris.
481 305 585 340 Quidb
610 306 706 335 etiam
732 310 822 336 tanta
848 305 971 336 obtinet
996 307 1140 338 miseria.
1176 311 1208 337 ut
1232 307 1312 337 fides
1342 312 1373 338 et
1399 309 1517 339 veritas
1547 319 1608 340 una
1637 321 1678 340 ex
1704 320 1737 340 re

90 357 181 387 simul
212 356 331 397 degere
365 361 551 398 nequeunt?
598 357 662 389 En:
695 362 728 387 ut
761 368 870 388 cerno.
904 357 1016 388 morbo
1050 359 1188 399 torporis
1217 358 1387 394 laboratis,
1417 364 1471 390 aut
1500 362 1633 392 nimium
1658 362 1737 392 estis

90 409 266 449 sapientes.
292 412 355 440 aut.
382 414 416 439 ut
441 409 484 439 ita
509 408 656 439 dixerim.
684 409 828 439 hebetes.
876 409 963 450 Ergo
988 409 1062 439 huic
1088 410 1200 441 morbo
1227 411 1423 442 medicinam
1442 413 1651 444 correctionis
1678 424 1735 444 ex-

49 473 58 489 ε.
90 460 200 491 hibere
225 461 377 499 conabor,
403 461 548 491 excitans
575 461 697 491 seilicet
722 460 868 491 acediam
895 461 1055 501 segnitiae
1080 466 1223 493 vestrae:
1250 463 1275 492 si
1302 473 1376 493 vero
1395 463 1501 494 oleum
1520 475 1628 496 emere
1647 466 1736 507 eupi-

39 731 61 748 1ss

42 990 64 1008 15

36 1250 60 1268 20

34 1770 58 1788 ³0

35 2034 58 2051 35

34 2297 59 2315 ⁴0

35 2848 60 2867 50

88 512 137 546 tis,
163 512 274 543 aliubi.
300 523 362 542 non
389 512 427 542 1111
454 523 503 543 me
531 517 705 553 quaeratur
729 523 865 543 necesse
891 513 961 549 erit,
989 513 1079 543 iuxta
1096 513 1174 544 illud
1193 515 1436 556 psalmigraphi,
1462 517 1515 558 qui
1538 527 1736 559 magnopere

87 563 305 594 adolationem
335 564 447 605 fugere
482 565 643 604 gestiens:
678 564 852 606 ‘Corripiet
880 575 931 595 me
963 565 1068 595 iustus
1103 565 1132 595 in
1163 566 1388 597 misericordia
1413 571 1444 597 et
1469 568 1651 611 increpabit
1675 579 1863 609 111e7Ps.140.5.

88 616 193 646 oleum
225 619 332 646 autem
367 617 547 657 peccatoris
578 626 641 646 non
676 616 847 657 inpinguet
877 620 973 658 eaput
1004 616 1132 647 meum'.
1187 617 1271 653 Quid
1305 622 1353 648 est
1384 621 1589 660 peccatoris?
1625 621 1737 662 utique

92 667 278 698 adulatoris.
330 668 466 707 ·Magis¹
497 672 623 698 amatur
650 668 836 709 obiurgator
866 678 984 699 sanans
1013 678 1107 708 quam
1140 669 1286 700 adolator
1310 681 1459 711 unguens
1484 671 1602 714 caput’.
1634 673 1664 703 id
1690 676 1739 703 est

90 719 233 750 mulcens
262 724 293 749 et
319 720 453 750 laudans
478 723 618 750 mentem
652 720 770 750 favoris
803 719 987 751 blanditiec.
1035 719 1131 757 Esto,
1156 721 1268 751 laudes
1300 722 1391 753 iuxta
1416 723 1618 755 inmoderato
1644 724 1738 755 huius

88 772 172 802 vitae
192 771 252 802 ritu
269 773 434 812 quaeritis,
459 783 522 802 non
539 772 622 802 dabo
641 772 758 805 oleum,
784 772 840 802 sed
857 772 992 803 ferrum:
1019 772 1143 803 *melius
1157 773 1168 791 2
1186 777 1292 804 tumor
1309 775 1423 815 capitis
1441 775 1538 813 dolet,
1558 787 1628 807 eum
1648 787 1739 807 eura-

88 827 155 857 tur:
179 834 253 854 nam
279 823 353 854 dum
379 825 408 855 ei
433 825 582 865 parcitur.
610 835 672 854 non
691 828 833 855 sanatur.
880 824 952 855 Hoc
976 825 1059 855 enim
1086 828 1181 856 acute
1206 825 1285 856 vidit
1319 827 1371 867 qui
1397 826 1479 857 dixit
1503 828 1647 859 utiliores
1672 828 1739 859 fore

88 875 279 916 plerumque
304 876 451 907 inimicos
475 877 652 917 iurgantes.
678 887 773 917 quam
799 877 918 907 amicos
943 875 1115 917 obiurgare
1141 881 1344 908 metuentes:
1371 878 1414 908 illi
1434 880 1517 909 enim
1540 879 1613 910 dum
1632 881 1740 910 rixan-

86 930 146 964 tur,
172 927 284 958 dicunt
309 927 481 969 aliquando
507 939 598 958 vera.
625 938 706 969 quae
732 928 947 969 corrigamus:
978 929 1031 958 isti
1055 932 1164 960 autem
1189 930 1346 960 minorem
1373 941 1468 971 quam
1494 936 1623 973 oportet
1647 932 1738 963 exhi-

94 978 171 1009 bent
195 979 337 1010 iustitiae
363 980 555 1013 libertatem,
581 979 656 1010 dum
681 980 842 1011 amicitiae
865 981 979 1011 timent
995 991 1193 1022 exasperare
1211 981 1440 1013 dulcedinem'.
1481 983 1566 1015 Sane
1585 988 1650 1015 tres
1668 995 1738 1015 011111

90 1031 236 1072 legamus
262 1032 442 1074 sapientiae
468 1032 593 1069 claves,
618 1032 711 1063 avide
738 1043 831 1063 nosse
856 1033 1002 1071 velimus,
1026 1037 1134 1064 utrum
1160 1045 1329 1065 commune
1354 1036 1494 1066 omnium
1521 1037 1674 1068 utamini.
1700 1048 1739 1067 an

87 1084 150 1114 fors
182 1084 472 1126 supergrediemini
502 1084 629 1115 modum
660 1084 868 1121 conditionis,
905 1095 945 1115 an
978 1086 1073 1116 etiam
1104 1086 1239 1116 lascivia
1264 1097 1299 1116 ac
1325 1086 1448 1118 desidia
1474 1088 1585 1119 inlecti
1613 1092 1740 1130 ‘corpus
1753 1101 1875 1127 sapam.

89 1135 174 1176 quod
205 1135 420 1178 corrumpitur
450 1136 607 1177 adgravet
631 1136 791 1175 animam',
823 1137 947 1168 seilicet
973 1137 1020 1167 sid
1045 1137 1158 1168 sedulo
1194 1139 1348 1179 legendo,
1384 1140 1572 1181 frequenter
1602 1141 1740 1171 interro-

89 1187 205 1228 gando,
231 1187 361 1218 assidue
379 1187 576 1219 meditando.
618 1189 768 1230 Denique
785 1189 824 1220 de
843 1189 979 1224 duobus,
998 1194 1079 1227 esto,
1097 1190 1284 1231 ambiguum
1304 1195 1362 1229 est,
1383 1192 1481 1222 tertia
1498 1193 1577 1223 nulli
1596 1197 1740 1224 nostrum

88 1239 176 1277 latet,
202 1239 259 1270 sed
284 1239 362 1270 haut
387 1239 515 1270 dubium
542 1241 659 1281 patulis
684 1241 779 1272 datur
803 1241 940 1273 indiciis.

188 1292 288 1323 Pom-0
314 1293 338 1323 si
365 1293 475 1324 ‘verba
494 1293 730 1334 Congregantis
756 1294 811 1324 filii
829 1294 1011 1325 Vomentis'
1037 1295 1211 1326 consulens
1237 1307 1273 1326 ac
1300 1297 1471 1337 segnitiem
1497 1297 1740 1328 dormitantium
1755 1308 1891 1331 Provraoa.

86 1345 231 1375 excitans
254 1344 382 1375 futurae
400 1345 484 1376 vitae
510 1345 549 1375 ad
574 1346 738 1376 formicam
765 1347 810 1376 ire
835 1346 964 1377 iusserit
989 1350 1021 1377 et
1038 1346 1275 1387 quodammodo
1294 1348 1362 1377 eius
1381 1347 1573 1389 prudentiae
1592 1349 1842 1383 conside-iuss.

85 1406 172 1435 rare,
203 1396 411 1427 nihilominus
441 1397 480 1427 ad
507 1408 637 1428 vaccam
669 1398 714 1428 ire
746 1402 884 1428 vestram
916 1402 1070 1439 suggeret
1104 1399 1262 1429 inertiam.
1315 1398 1421 1430 Huius
1452 1410 1528 1441 ergo
1557 1401 1658 1432 debiti
1683 1412 1740 1432 nos

85 1449 272 1479 meminisse
290 1449 449 1484 volumus,
475 1450 656 1480 exactionis
681 1454 789 1480 autem
810 1461 865 1480 vos
891 1461 1051 1481 memores
1076 1451 1143 1481 fore
1161 1450 1297 1481 debetis.
1338 1450 1461 1482 Eadem
1479 1453 1600 1494 quippe
1623 1454 1741 1484 caritas

47 1521 57 1532 a
87 1500 262 1542 indagandi
280 1505 311 1530 et
328 1501 518 1542 exquirendi
538 1506 568 1532 et
586 1512 643 1531 nos
660 1501 736 1531 facit
761 1502 971 1533 fidelissimos
997 1496 1160 1533 debitores
1179 1513 1300 1544 vosque
1326 1503 1530 1535 dulcissimos
1556 1509 1742 1537 exactores:

86 1551 158 1582 ideo
182 1551 250 1583 dixi
274 1551 479 1583 dulcissimos
502 1557 682 1592 exactores,
701 1554 784 1594 quia,
812 1553 864 1584 ubi
890 1554 1005 1584 caritas
1031 1553 1132 1591 deest,
1158 1564 1287 1585 amarus
1312 1560 1444 1586 exactor
1468 1560 1528 1590 est,
1554 1556 1610 1587 ubi
1634 1561 1741 1588 autem

86 1605 204 1635 caritas
229 1608 288 1642 est,
314 1608 347 1635 et
370 1605 424 1646 qui
451 1606 554 1646 exigit
579 1605 681 1635 dulcis
707 1610 766 1636 est.
793 1610 826 1636 ct
849 1617 868 1636 a
892 1616 954 1647 quo
974 1606 1124 1647 exigitur.
1164 1606 1206 1637 Et
1224 1607 1250 1637 si
1268 1607 1407 1648 aliquem
1428 1609 1525 1639 veluti
1544 1609 1574 1639 in
1594 1613 1744 1651 promptu

85 1656 230 1693 cernitis,
260 1657 405 1688 laborem
431 1658 578 1698 suscipit:
611 1657 687 1688 facit
712 1657 850 1688 cundem
885 1658 1028 1688 laborem
1054 1663 1186 1700 propter
1217 1658 1339 1689 nullum
1367 1664 1399 1690 et
1424 1660 1495 1691 leve
1520 1661 1590 1701 ipsa
1614 1662 1742 1693 caritas.

86 1707 200 1739 Nonne
217 1708 364 1739 videmus
390 1709 487 1739 etiam
514 1710 545 1739 in
573 1710 667 1740 mutis
693 1711 913 1741 animantibus
933 1714 964 1741 et
989 1711 1279 1742 inrationabilibus.
1306 1712 1425 1752 quibus
1443 1722 1505 1742 non
1523 1718 1573 1744 est
1592 1714 1743 1755 spiritalis

86 1770 185 1798 amor,
209 1761 265 1791 sed
290 1762 443 1793 carnalis:
479 1762 638 1802 exigitur‘*
664 1767 771 1792 tamen
803 1773 918 1804 magno
941 1763 1059 1793 affectu
1085 1763 1124 1793 de
1156 1763 1312 1794 uberibus
1337 1764 1449 1794 matris
1475 1765 1524 1795 lac
1549 1776 1567 1795 a
1592 1766 1741 1807 parvulis.

84 1811 127 1842 Et
150 1812 225 1843 lieet
250 1824 370 1855 sugens
396 1814 549 1855 impetum
576 1814 673 1844 faeiat
706 1816 736 1844 in
767 1814 876 1849 ubera,
902 1815 1018 1846 melius
1045 1819 1093 1845 est
1118 1819 1226 1846 tamen
1250 1817 1354 1852 matri,
1381 1827 1475 1857 quam
1503 1818 1527 1847 si
1554 1827 1616 1848 non
1636 1823 1740 1859 sugat,

85 1864 170 1905 quod
188 1865 323 1896 caritate
341 1866 485 1897 debetur.
523 1866 607 1907 Sepc
624 1866 767 1896 videmus
786 1866 885 1897 ubera
900 1856 1186 1897 vaccaruinetiam
1205 1879 1224 1898 a
1241 1868 1479 1909 grandiusculis
1498 1869 1604 1900 vitulis
1622 1870 1746 1911 capites

85 1917 219 1957 percuti,
244 1921 276 1948 et
299 1921 433 1960 propter
457 1919 524 1959 ipso
550 1919 673 1960 impetu
699 1919 799 1949 levari
825 1924 985 1950 matrumg
1009 1930 1154 1961 corpora,
1180 1931 1240 1950 nec
1266 1931 1320 1951 eas
1339 1925 1447 1952 tamen
1465 1922 1554 1952 calce
1573 1922 1742 1963 repellere,

85 1969 142 1999 sed
167 1969 193 2000 si
211 1969 296 2001 desit
313 1970 397 2001 filius
422 1972 475 2012 qui
501 1975 605 2011 sugat,
632 1961 780 2012 mugituil
805 1972 913 2002 vocari
938 1972 978 2002 ad
1004 1972 1115 2003 ubera.
1165 1972 1198 2003 Si
1224 1983 1301 2014 ergo
1319 1976 1369 2003 est
1394 1974 1425 2003 111
1443 1973 1535 2004 nobis
1553 1974 1607 2004 illa
1625 1975 1743 2005 caritas

88 2021 250 2062 spiritalis,
269 2021 307 2052 de
325 2033 387 2063 qua
405 2023 533 2053 Mavors
552 2022 674 2054 Christi
692 2024 806 2064 inquit:
834 2023 965 2054 Factus
985 2035 1054 2054 suin
1074 2025 1227 2066 parvulus
1246 2026 1276 2055 in
1295 2025 1399 2056 medio
1418 2029 1560 2056 vestrum
1577 2030 1741 2068 tamquam

87 2073 196 2103 nutrix
221 2073 331 2104 fovens
356 2075 438 2105 filios
466 2074 562 2106 suos'.
588 2079 662 2105 tun(¹
691 2087 744 2106 ros
769 2076 942 2117 diligimus,
969 2077 1096 2118 quando
1115 2077 1264 2117 exigitis:
1290 2087 1363 2107 nam
1381 2078 1488 2118 pigros
1507 2088 1570 2108 non
1588 2088 1922 2116 amamus,1.¹r1·0‹<.-.›,-,

85 2125 159 2166 quia
181 2125 410 2166 languentibus
430 2127 650 2158 formidamus.
690 2128 790 2158 Porro
810 2127 905 2158 livori
930 2132 1059 2158 nostrae
1078 2128 1294 2170 primordialis
1313 2129 1546 2170 obiurgationis
1566 2141 1625 2160 nec
1644 2130 1741 2160 durus

85 2176 183 2208 debet
214 2177 334 2215 videri,
368 2179 443 2219 quia
475 2191 553 2221 sepe
586 2180 790 2210 hausteriora
829 2180 1069 2212 medicamenta
1099 2185 1242 2222 optatam
1276 2185 1422 2223 prestare
1459 2182 1565 2213 solent
1593 2183 1742 2213 salutem.

85 2228 126 2259 Et
150 2229 226 2270 quia
249 2229 328 2260 nihil
354 2231 515 2261 ineassum
542 2232 658 2262 seriem
684 2232 958 2274 agiographarum
978 2233 1199 2263 sanctionibus
1225 2233 1387 2264 nanciscik
1413 2233 1532 2264 decens
1558 2237 1616 2272 est,
1642 2245 1741 2264 nove-

86 2281 155 2311 ritis
184 2281 302 2312 ideirco
333 2282 364 2312 in
396 2283 527 2313 exordio
557 2283 725 2314 locutionis
756 2294 817 2314 non
843 2285 965 2321 oleum,
999 2285 1055 2316 sed
1082 2285 1189 2315 vinum
1216 2286 1381 2327 posuisse.
1415 2287 1489 2326 quia
1515 2287 1559 2317 ita
1584 2297 1602 2316 a.
1626 2290 1739 2317 saneto

85 2331 244 2374 propheta
274 2332 378 2364 edocti
411 2345 532 2365 sumus.
587 2334 658 2365 Non
690 2335 828 2375 legimus
860 2335 899 2366 ab
930 2345 967 2366 eo
999 2337 1145 2377 primitus
1177 2337 1338 2378 digestum
1371 2338 1439 2368 fore
1475 2338 1620 2368 'baculus
1646 2338 1741 2375 tuus',

86 2383 142 2414 sed
173 2384 274 2426 ‘virga
303 2385 384 2421 tua'3v
417 2397 479 2416 non
516 2387 600 2417 enim
631 2397 649 2416 a
684 2391 772 2417 tanto
803 2388 853 2417 vel
887 2387 942 2418 tali
974 2392 1084 2418 sancto
1110 2389 1193 2423 viro,
1224 2400 1265 2420 ex
1298 2390 1387 2419 euius
1414 2390 1537 2420 semine
1562 2389 1738 2421 Dominum
1756 2399 1896 2423 vrrs-22⁴.

86 2440 191 2467 ortum
214 2447 278 2467 non
303 2437 511 2479 ambigimus,
537 2438 691 2470 aborrere
718 2439 933 2477 vindicamus,
964 2451 1003 2471 ne
1037 2440 1142 2471 forsan
1169 2441 1444 2482 presumptiosnm
1470 2441 1683 2477 iudicaretur,
1710 2446 1741 2473 ct

86 2489 240 2530 precipue
267 2499 339 2520 eum
365 2491 551 2521 noverimus
577 2491 709 2522 iuvenili
736 2493 852 2523 aetatis
878 2503 1031 2534 corpore,
1058 2494 1125 2530 eui,
1152 2494 1178 2523 si
1205 2494 1298 2530 libet,
1324 2495 1444 2535 optimc
1470 2494 1639 2536 disciplina
1664 2506 1739 2526 con-

87 2540 182 2581 gruit.
230 2541 334 2582 Igitur
359 2543 549 2573 tantundem
576 2543 635 2573 sibi
662 2544 853 2585 expediunt,
879 2545 975 2575 immo
994 2549 1230 2576 connectuntur
1249 2546 1389 2576 vicissim
1414 2550 1511 2587 atquc
1530 2547 1741 2588 aequiperant

87 2592 178 2633 virga
203 2596 235 2623 et
259 2593 407 2624 baculus.
442 2595 547 2635 pietas
580 2601 611 2624 et
636 2595 823 2637 disciplina,
851 2598 1001 2638 quatinus
1027 2608 1091 2628 una
1116 2598 1184 2628 sine
1210 2598 1315 2628 altera
1346 2598 1388 2627 nil
1415 2598 1585 2628 iuvaminis
1611 2598 1739 2630 habeat.

189 2688 212 2719 ¹¹)
232 2689 436 2720 promittituntur
451 2692 477 2714 Γ,
559 2689 582 2717 ¹¹)
602 2691 660 2722 quie
675 2692 700 2715 (¹.
790 2695 812 2723 (ᾗ)
834 2693 983 2718 blanditiem
1000 2695 1026 2718 Γ,
1109 2693 1133 2722 “Ι)
1153 2695 1186 2716 siv
1201 2695 1227 2718 Γ.
1321 2697 1343 2713 “l
1364 2695 1442 2725 exigit
1459 2695 1484 2718 ¹⁷¹.
1575 2692 1592 2717 sl
1613 2695 1698 2727 capita
1714 2695 1740 2719 (s.

87 2730 110 2759 H)
131 2734 234 2755 matrem
251 2732 277 2755 (J.
350 2731 373 2753 ’ἢ
394 2733 520 2764 mugitum
536 2733 562 2757 (².
635 2732 652 2763 i)
674 2734 737 2758 libor
752 2736 777 2759 (ἲ
849 2734 873 2766 k)
895 2738 1006 2761 nancissi
1029 2739 1055 2761 Γ.

191 2790 215 2823 l)
237 2790 326 2823 Magis
354 2807 375 2809 a
397 2794 477 2825 vaput
500 2801 532 2817 agr:
553 2793 697 2825 :lusfltslini
717 2804 755 2827 ¹¹1¹·
769 2801 801 2820 21⁰5
821 2795 856 2820 ml
878 2796 991 2822 Hieron.
1011 2798 1091 2829 (Um).
1115 2796 1216 2827 lifts).
1294 2799 1319 2826 2)
1341 2796 1438 2821 melius
1459 2811 1489 2814 ——
1510 2796 1687 2821 dulcedinem
1709 2805 1741 2822 (τι)

89 2833 201 2866 Anffltst.
220 2842 256 2866 (7),
275 2838 305 2859 53
324 2835 359 2859 ml
380 2835 489 2861 Hieram.
508 2837 588 2868 (Um).
609 2837 647 2869 ll,
662 2842 726 2867 11:51).
