2089 3171
184 270 209 290 (2.
226 261 284 288 775)

137 322 154 338 3.
166 318 218 342 Reg.
230 320 259 341 16,
276 320 306 337 Ro

183 470 230 491 lsai.
246 473 275 493 16,
291 473 310 491 3.

195 1328 230 1346 ι’»
241 1331 273 1351 ss,
289 1331 306 1348 5.

201 1353 231 1372 ib.
242 1356 273 1375 65,
291 1357 308 1374 1.

203 1379 230 1399 lb.
242 1382 273 1400 65,
289 1382 307 1399 4.

194 1405 222 1425 ib.
233 1407 276 1429 137,
291 1409 310 1425 4.

319 177 376 203 504
535 170 730 196 EPISTOLAE
746 168 938 194 VARIORUM
959 167 1100 193 CAROLO
1121 168 1249 194 MAGNO
1271 167 1470 194 REGNANTE
1490 166 1671 192 SCRJIPTAE.
1709 166 1731 191 Τ.

320 260 401 289 sicut
420 258 597 290 lloboama,
624 256 742 287 Achaz:
767 255 880 285 Achab
907 258 938 284 ct
963 254 1075 294 reliqui
1101 264 1193 294 reges
1220 254 1404 288 ludeorum,
1429 253 1481 294 qui
1507 253 1653 284 fecerunt
1679 253 1797 283 malum
1823 253 1851 283 in
1878 264 1952 283 con-

320 314 431 351 spectu
456 309 585 339 Domini
611 311 642 338 et
666 318 729 337 non
753 306 1000 337 ambulaverunt
1024 306 1055 335 in
1082 305 1242 335 mandatis
1268 304 1338 335 Dei.

421 360 468 390 Tu
502 370 592 400 erge,
619 369 676 389 rex
703 358 760 395 mi,
794 357 852 387 hec
883 357 989 387 omnia
1021 357 1093 397 lege
1123 359 1154 386 et
1183 356 1354 397 diligenter
1383 356 1566 388 considera.
1602 366 1641 386 ne
1674 355 1827 386 honorem
1863 359 1951 386 tuum

320 413 369 443 hic
401 415 433 442 ct
463 412 492 441 in
523 411 629 441 futuro
658 409 809 451 perderis
868 408 931 439 Sed
961 408 1079 439 bonum
1116 419 1191 438 vero
1228 408 1393 438 consilium
1430 418 1499 437 cum
1538 407 1737 448 sapientibus
1772 407 1852 437 tuis.
1888 407 1953 437 inib

321 463 504 498 consilium,
536 472 620 503 pone
646 461 830 494 concilium,
862 460 1002 490 maxime
1033 470 1102 490 cum
1136 460 1322 489 timentibus
1348 459 1463 489 Deum.
1510 458 1552 489 Et
1576 469 1616 489 ex
1646 458 1707 488 illis
1738 458 1874 499 elegeris
1898 468 1954 499 per

321 515 467 545 civitates
493 517 524 544 et
549 513 744 543 monasteria
768 515 799 542 et
823 522 880 552 per
906 522 1031 541 omnem
1050 521 1183 551 regnum
1202 514 1290 540 tuum
1310 511 1400 551 leges
1420 520 1574 540 renovare
1599 512 1630 539 et
1653 509 1771 539 iniusta
1786 509 1953 540 distruere.

320 565 361 596 Et
385 565 489 605 legem
508 564 692 599 scientibus,
718 568 869 594 munerac
894 573 956 592 non
982 561 1225 603 accipientibus,
1251 561 1307 591 sed
1332 565 1419 592 recta
1443 561 1699 602 disponentibus,
1726 559 1770 602 [id
1794 560 1858 603 e]st
1882 572 1953 592 cum

319 616 480 657 episcopis
517 619 548 645 et
583 615 752 645 comitibus
784 614 928 656 probatis
962 617 993 644 et
1025 614 1096 644 rel.:
1131 616 1165 642 ut
1194 613 1302 654 spinas
1332 616 1363 643 et
1398 612 1532 646 tribulas
1563 616 1594 643 et
1626 612 1780 643 seandala
1804 613 1953 643 vitiorum

320 668 422 708 possis
448 667 479 707 [e
498 666 611 707 regn]o
638 669 691 696 tuo
718 666 880 706 extirpare
906 668 937 695 et
962 665 1140 695 exercitum
1159 663 1418 701 christianorum,
1444 664 1588 695 membra
1606 663 1733 701 Christi,
1759 664 1810 705 pie
1828 674 1952 705 regere.

424 742 558 749 .....
563 719 632 748 imis
668 728 744 758 ergo
778 717 915 758 pastoris
948 716 1111 757 predictis.
1170 715 1319 746 Canones
1359 726 1495 756 namque
1528 715 1681 746 mandant
1711 719 1742 746 et
1770 716 1824 746 lex
1854 715 1952 746 totius

320 770 429 801 mundi
459 770 569 811 primis
594 770 740 800 Romana
770 770 865 799 immo
898 768 1000 802 Deus,
1031 771 1065 798 ut
1096 767 1266 808 sepulchra
1298 767 1545 798 christianorum
1578 778 1688 808 pacem
1720 767 1875 798 habeant:
1907 767 1956 797 sin

320 822 422 860 aliter,
448 821 620 862 puniantur
644 832 700 862 per
724 821 840 861 legem.
887 818 1084 857 Maleficos‘l,
1112 817 1311 860 [venelficos.
1337 819 1569 860 tempestarios,
1596 819 1723 859 strigas,
1748 818 1956 860 phitonissas.

319 875 415 911 fures,
440 872 625 908 homicidas,
650 872 790 902 maxime
815 872 846 902 in
871 871 1017 902 ecclesiis
1042 870 1113 906 Dci,
1141 895 1145 900 .
1173 870 1304 900 .lat1·ias
1315 875 1336 907 Β,
1361 870 1540 909 adulteros,
1566 881 1712 912 rapaces,
1737 870 1900 901 falsidicos
1924 869 1956 900 in

319 926 448 967 publico
475 925 524 955 vel
550 925 602 965 qui
629 924 759 954 fariatos
784 924 950 963 frangunt,
978 923 1026 952 vel
1052 923 1103 963 qui
1130 921 1270 952 vendunt
1288 922 1480 952 christianos
1506 922 1536 952 in
1561 922 1786 963 gentilitatem,
1810 921 1955 963 periura-

319 981 405 1007 tores
435 977 573 1007 maxime
604 977 633 1006 in
665 976 784 1006 eclesia
811 975 869 1005 Dei
902 978 932 1004 et
963 975 1045 1004 falsa,
1076 977 1219 1007 moneta,
1253 973 1393 1004 decimas
1425 984 1487 1004 non
1524 973 1709 1010 reddentes,
1743 973 1953 1004 ecclesiarum

319 1029 510 1070 spoliatores
528 1027 578 1058 vel
596 1031 757 1068 raptores:
782 1026 959 1059 viduarum,
980 1026 1185 1067 pupillarum,
1203 1025 1443 1066 peregrinorum
1464 1025 1579 1055 iniuria
1595 1025 1746 1056 fatientes
1763 1029 1795 1056 et
1812 1028 1956 1067 raptores

320 1080 484 1110 viduarum
518 1080 567 1109 vel
598 1079 753 1119 virginum
786 1082 817 1108 et
847 1077 1165 1108 sanctaemonialium
1195 1080 1304 1118 stupra
1333 1080 1365 1108 et
1394 1077 1502 1108 onmia
1532 1076 1678 1108 incestaf.
1724 1076 1817 1108 Haeo
1846 1081 1879 1109 et
1906 1077 1956 1108 his

320 1131 434 1162 similia
459 1131 639 1171 corrigereg
664 1130 713 1160 vel
739 1129 889 1160 damnare
914 1140 970 1170 pro
996 1129 1135 1159 vindicte
1161 1129 1243 1170 legis
1269 1154 1274 1159 .
1302 1154 1306 1160 .
1332 1133 1418 1159 recte
1443 1128 1596 1167 iudicare,
1621 1128 1703 1170 quod
1728 1129 1874 1160 minister
1897 1129 1957 1160 Dei

319 1194 352 1213 cs
378 1183 408 1213 in
434 1182 481 1213 his
506 1181 652 1212 omnibus
678 1185 709 1211 ct
734 1181 863 1217 vindex,
889 1184 920 1211 et
944 1181 1078 1221 reliqua.

422 1234 538 1276 [Deum
556 1237 662 1264 autem
672 1232 710 1274 η,
729 1257 734 1262 .
750 1257 755 1263 .
771 1258 777 1264 .
792 1257 797 1263 .
816 1232 943 1263 domine
962 1233 1002 1262 mi
1023 1243 1089 1265 rex,
1116 1232 1204 1262 illum
1223 1232 1331 1262 exalta
1349 1233 1379 1262 in
1397 1232 1446 1262 his
1464 1233 1611 1263 omnibus
1628 1232 1780 1274 predictis
1798 1233 1831 1263 in
1848 1232 1953 1267 laude,

320 1286 402 1327 quod
427 1286 494 1326 ipsc
520 1289 550 1315 te
574 1284 747 1315 honorifice
766 1295 863 1325 super
880 1294 991 1314 omnes
1010 1287 1231 1314 antecessores
1250 1287 1320 1314 tuos
1340 1284 1444 1324 gentis
1470 1287 1544 1315 tuae
1563 1285 1720 1321 exaltans,
1747 1284 1839 1315 iuxta
1861 1285 1956 1315 illud:

320 1337 481 1368 ‘Exaltate
507 1336 668 1366 domimun
692 1335 797 1366 Deum
823 1334 975 1365 nostrum*
1002 1338 1034 1365 et
1059 1334 1194 1375 reliqua:
1221 1335 1312 1364 item:
1338 1335 1486 1365 *Iubilate
1505 1335 1575 1366 Deo
1600 1336 1702 1366 omnis
1727 1335 1838 1371 terra';
1864 1336 1958 1367 item:

321 1388 445 1419 ‘Omnis
463 1392 548 1418 terra
565 1387 677 1417 adoret
700 1385 758 1418 tel:
783 1387 874 1417 item:
902 1386 1136 1416 ‘Confiteantur
1153 1386 1220 1418 tibi.
1247 1386 1395 1417 Domine.
1421 1397 1531 1417 omnes
1556 1398 1649 1428 reges
1673 1392 1757 1418 terre
1777 1391 1809 1418 et
1826 1391 1958 1418 cantent

322 1441 352 1470 in
377 1440 509 1470 canticis
535 1437 683 1469 Domino'
709 1442 741 1469 et
765 1438 898 1479 reliqua.

421 1491 522 1532 Ergo,
554 1491 595 1521 mi
620 1502 692 1527 rcX,
726 1491 750 1520 si
777 1490 866 1520 vobis
896 1491 1024 1531 placeat
1056 1490 1114 1519 hoe
1145 1490 1329 1525 consilium,
1360 1501 1415 1531 pro
1440 1491 1488 1521 his
1513 1491 1675 1529 omnibus,
1706 1502 1764 1532 pro
1789 1495 1820 1522 te
1845 1494 1877 1522 et
1900 1502 1956 1533 pro
1985 1506 1996 1517 ο

319 1544 465 1574 exercitu
489 1543 748 1573 christianorum:
775 1546 809 1572 ut
834 1552 931 1572 unum
955 1542 1040 1572 diem
1066 1545 1139 1582 post
1164 1541 1317 1572 ieiunium
1343 1542 1374 1572 in
1399 1553 1483 1573 anno
1508 1543 1537 1573 in
1564 1543 1682 1574 honore
1701 1545 1832 1574 sanotae
1851 1543 1955 1574 Trini-

319 1595 394 1625 tatis
419 1599 450 1625 ct
474 1595 606 1624 unitatis
632 1598 664 1624 ct
689 1594 877 1634 angelorum
903 1597 934 1624 et
959 1594 1098 1623 omnium
1119 1596 1303 1623 sanctorum
1323 1593 1485 1624 celebrem
1503 1595 1679 1625 constitues
1699 1605 1797 1636 super
1824 1606 1957 1636 regnum

319 1650 406 1676 tuum
444 1656 514 1676 cum
551 1646 681 1676 consilio
719 1645 831 1686 synodi
862 1645 1073 1676 Francorum:
1113 1649 1145 1675 et
1175 1645 1305 1675 missam
1340 1646 1440 1675 sancti
1474 1645 1639 1676 Michaelis
1675 1651 1706 1676 et
1740 1648 1842 1677 sancti
1871 1647 1959 1678 Petri

320 1698 522 1740 passionem¹
542 1698 571 1728 in
589 1697 718 1739 publico
743 1698 908 1728 celebrare
927 1707 1025 1738 regno
1045 1700 1097 1727 tuo
1116 1697 1304 1728 constitues.
1352 1697 1444 1728 Haec
1470 1701 1501 1728 et
1525 1698 1574 1728 his
1594 1697 1709 1728 similia
1734 1698 1790 1729 tibi
1808 1699 1958 1736 faciente,

320 1755 393 1780 tunc
419 1752 505 1780 certe
532 1760 602 1780 eum
632 1760 749 1790 magna
778 1749 929 1780 felicitate
955 1753 986 1779 et
1010 1748 1211 1779 beatitudine
1237 1752 1269 1779 tu
1295 1753 1327 1779 et
1350 1749 1495 1780 membra
1520 1748 1638 1780 Christi
1664 1752 1770 1780 tecum
1794 1749 1845 1781 hic
1870 1755 1902 1781 et
1925 1751 1956 1781 in

320 1802 424 1832 futuro
443 1802 620 1842 regnabitis
639 1812 708 1831 cum
728 1802 851 1842 angelis
877 1805 908 1832 et
932 1801 1135 1841 archangelis
1154 1801 1222 1831 sine
1247 1801 1309 1831 fine
1336 1804 1367 1831 et
1392 1811 1462 1831 eum
1482 1801 1628 1831 omnibus
1647 1801 1767 1832 sanctis
1784 1801 1959 1832 manebitis

321 1854 350 1883 in
375 1853 493 1894 gaudio
518 1853 549 1883 in
574 1854 683 1883 secula
709 1853 889 1884 seculorum
915 1864 1019 1883 amen.

422 1905 513 1936 Ilaec
537 1916 613 1935 vero
639 1916 748 1946 pauca:
775 1905 889 1935 domne
916 1916 973 1935 rex
999 1906 1056 1938 mi,
1083 1905 1121 1935 de
1148 1905 1256 1935 multis
1283 1905 1449 1945 excarpsi,
1475 1915 1556 1945 quae
1582 1904 1621 1934 ad
1646 1905 1835 1935 memoriam
1860 1915 1959 1936 vene-

320 1960 402 1987 runt.
450 1956 575 1986 Placuit
599 1956 674 1986 mihi
705 1957 823 1987 rustico
851 1957 964 1991 verbo,
998 1958 1144 1997 quamvis
1176 1958 1258 1986 sicut
1283 1967 1352 1986 sum
1382 1957 1527 1997 ignarus,
1561 1959 1668 1986 tamen
1694 1956 1783 1987 vobis
1808 1956 1959 1994 scribere,

321 2009 351 2038 in
377 2012 515 2038 vestram
547 2008 699 2048 pietatem
734 2007 911 2038 confidens.
944 2012 979 2038 ut
1009 2019 1079 2039 mee
1113 2008 1268 2038 stultitiae
1294 2008 1387 2038 venia
1418 2007 1512 2038 detur
1537 2012 1568 2038 et
1593 2010 1700 2038 vestra
1723 2018 1848 2039 merces
1873 2007 1958 2050 apud

322 2059 425 2090 Deum
452 2060 631 2100 copiosior-¹¹
656 2060 718 2090 fiat.
762 2059 876 2090 Valete
902 2059 986 2100 apud
1012 2059 1128 2092 Deum:
1155 2060 1226 2090 vive
1252 2060 1330 2090 felix
1355 2069 1483 2100 semper
1508 2059 1539 2089 in
1564 2069 1688 2089 aevum.

702 2112 876 2142 Cantemus
902 2112 968 2152 regi
995 2123 1104 2152 regum
1131 2113 1225 2142 hunc¹
1251 2122 1380 2153 semper
1404 2112 1571 2142 honorem:

702 2163 783 2193 Nam
809 2163 937 2193 Christo
963 2163 1075 2194 laudes
1101 2168 1276 2203 sanctoque
1302 2164 1399 2194 Petro
1424 2164 1492 2194 sinc
1518 2163 1591 2194 fine.

701 2215 840 2255 Triplicc
866 2220 1032 2247 concentu.
1060 2217 1174 2246 (hu-lus
1199 2216 1250 2247 mi.
1277 2226 1334 2246 rex
1360 2216 1564 2257 populorum.

703 2266 884 2297 Laudemus
910 2271 1054 2297 sanctam
1080 2266 1304 2299 'l'1·initate1n¹²'.
1331 2267 1387 2297 sed
1412 2266 1516 2297 Deum
1541 2267 1662 2298 unum‘.

701 2318 790 2352 Qui1¹¹
815 2318 871 2348 tibi
897 2329 969 2348 nam
995 2329 1127 2359 regnum
1154 2319 1222 2348 sine
1249 2319 1332 2349 bello
1357 2319 1481 2349 fortiter
1505 2329 1637 2359 augens,

702 2369 764 2400 Hic
792 2370 876 2399 lleus
902 2370 1028 2400 adiutor
1055 2370 1199 2400 validus¹¹
1225 2371 1281 2401 tibi
1307 2381 1436 2411 semper
1461 2369 1616 2401 adinstat:

707 2422 807 2462 Impia
832 2422 883 2462 qui
910 2422 981 2452 tulit
1006 2422 1063 2452 tibi
1091 2433 1219 2462 semper
1244 2422 1327 2452 bella
1354 2433 1411 2463 per
1436 2422 1556 2453 orbem.

704 2472 817 2503 Obruit
842 2484 879 2503 vn
907 2474 1015 2505 sortes,
1043 2474 1135 2503 simul
1162 2478 1192 2503 et
1217 2474 1352 2504 humiles
1379 2474 1561 2504 honoravit:

702 2524 839 2554 Nomine
865 2536 935 2555 nam
961 2525 1076 2563 dignus
1103 2535 1240 2565 quoquc.
1268 2525 1373 2565 quorl⁰
1399 2525 1489 2555 Deus
1515 2525 1599 2555 alme
1625 2528 1764 2555 vocatur.

640 2588 661 2605 n·
707 2575 814 2605 Gloria
843 2577 880 2605 sit
908 2586 1033 2616 semper
1057 2575 1216 2606 Trinitati.
1243 2576 1297 2605 sod
1324 2577 1417 2606 simul
1443 2577 1472 2606 in
1498 2582 1624 2606 unumv.

427 2674 447 2692 ²⁴1
471 2670 565 2693 Roboris
579 2680 600 2693 ις.
683 2670 705 2691 ¹²1
727 2671 754 2693 ln
775 2678 806 2694 .11.
828 2671 856 2695 .Ι;
876 2671 919 2694 inii
940 2670 1020 2694 I'crtts.
1105 2671 1126 2696 cl
1147 2672 1258 2695 muneris
1282 2671 1359 2695 lun-ez.
1440 2670 1463 2696 *Η
1484 2664 1611 2697 Μὲἱθῇουε
1631 2680 1650 2695 c.
1722 2671 1744 2698 e)
1763 2679 1797 2695 an
1818 2671 1964 2696 idolam-ias?

325 2710 341 2732 fl
364 2712 456 2735 ini-ertu
480 2722 508 2739 12,
529 2722 592 2736 νιιιϊ,
614 2713 690 2736 [hirst.
763 2715 786 2738 Π)
807 2722 937 2743 «Ἠνιομϊνι»
957 2723 1021 2738 νυν-ι’.
1039 2715 1127 2742 corrig.
1141 2724 1159 2737 c.
1232 2713 1255 2736 ¹¹1
1277 2712 1414 2745 cupid-sim·
1434 2724 1453 2738 <a
1525 2720 1541 2738 ¹>
1561 2714 1577 2741 b
1591 2714 1619 2740 vl:
1639 2715 1706 2738 hmw
1726 2714 1806 2738 Perta.
1878 2713 1902 2744 k)
1922 2715 1963 2739 tri-

326 2754 447 2778 tinitatvm
469 2765 487 2778 ν.
561 2754 576 2777 Ῑι
599 2756 678 2787 ipsum
704 2756 778 2779 lav-tr„
853 2761 882 2779 ¹¹¹>
903 2757 968 2786 Quid
989 2768 1007 2780 v⁴
1081 2761 1103 2778 ¹¹1
1127 2757 1208 2780 validi·
1229 2757 1252 2780 ,1,
1325 2762 1347 2779 υ)
1368 2767 1418 2788 qun
1438 2757 1461 2781 J.
1533 2762 1556 2781 νγ
1577 2767 1610 2780 (ιιι
1631 2757 1674 2781 sed
1698 2757 1799 2781 insimul
1819 2757 1882 2781 uni?
1899 2757 1923 2781 ,1.

432 2806 437 2827 l
472 2805 521 2828 ‹lu›
545 2811 581 2829 ·.¹:¹.
598 2808 662 2835 >va
678 2808 698 2831 st
719 2810 758 2831 29,
778 2806 835 2830 [nn.
857 2815 934 2830 mans.

1983 724 2006 742 10

1984 986 2006 1004 15

1983 1244 2008 1262 ’20

1986 1764 2010 1782 30

1986 2020 2010 2039 35

1986 2278 2011 2296 40

1987 2530 2011 2549 45

1987 2818 2013 2836 50
