<?xml version="1.0" encoding="UTF-8"?>
<!DOCTYPE html PUBLIC "-//W3C//DTD XHTML 1.0 Transitional//EN"
    "http://www.w3.org/TR/xhtml1/DTD/xhtml1-transitional.dtd">
<html xmlns="http://www.w3.org/1999/xhtml" xml:lang="en" lang="en">
 <head>
  <title>
</title>
<meta http-equiv="Content-Type" content="text/html;charset=utf-8" />
  <meta name='ocr-system' content='tesseract 3.04.00' />
  <meta name='ocr-capabilities' content='ocr_page ocr_carea ocr_par ocr_line ocrx_word'/>
</head>
<body>
  <div class='ocr_page' id='page_1' title='image "./monumentagerman04geseuoft_0505.png"; bbox 0 0 2089 3171; ppageno 0'>
   <div class='ocr_carea' id='block_1_1' title="bbox 590 181 1759 218">
    <p class='ocr_par' dir='ltr' id='par_1_1' title="bbox 590 181 1759 218">
     <span class='ocr_line' id='line_1_1' title="bbox 590 181 1759 218; baseline 0.006 -12"><span class='ocrx_word' id='word_1_1' title='bbox 590 181 773 207; x_wconf 79' lang='lat' dir='ltr'>APPENDIX</span> <span class='ocrx_word' id='word_1_2' title='bbox 795 181 840 207; x_wconf 79' lang='lat' dir='ltr'>AD</span> <span class='ocrx_word' id='word_1_3' title='bbox 861 182 1007 208; x_wconf 82' lang='lat' dir='ltr'>ALCVINI</span> <span class='ocrx_word' id='word_1_4' title='bbox 1030 183 1232 210; x_wconf 73' lang='lat' dir='ltr'>EPISTOLAS.</span> <span class='ocrx_word' id='word_1_5' title='bbox 1269 186 1292 211; x_wconf 88' lang='lat'>3.</span> <span class='ocrx_word' id='word_1_6' title='bbox 1313 185 1336 210; x_wconf 76' lang='lat'>4.</span> <span class='ocrx_word' id='word_1_7' title='bbox 1700 189 1759 218; x_wconf 79' lang='lat'>491</span> 
     </span>
    </p>
   </div>
   <div class='ocr_carea' id='block_1_2' title="bbox 65 267 1937 830">
    <p class='ocr_par' dir='ltr' id='par_1_2' title="bbox 114 267 1937 467">
     <span class='ocr_line' id='line_1_2' title="bbox 115 267 1937 315; baseline 0.003 -17"><span class='ocrx_word' id='word_1_8' title='bbox 115 267 231 307; x_wconf 78' lang='lat' dir='ltr'>regalis</span> <span class='ocrx_word' id='word_1_9' title='bbox 269 267 451 307; x_wconf 70' lang='lat' dir='ltr'>benignitas</span> <span class='ocrx_word' id='word_1_10' title='bbox 488 267 645 297; x_wconf 84' lang='lat' dir='ltr'>latissimo</span> <span class='ocrx_word' id='word_1_11' title='bbox 681 271 712 298; x_wconf 88' lang='lat' dir='ltr'>ct</span> <span class='ocrx_word' id='word_1_12' title='bbox 746 269 982 307; x_wconf 74' lang='lat' dir='ltr'>gloriosissimo</span> <span class='ocrx_word' id='word_1_13' title='bbox 1020 271 1091 300; x_wconf 86' lang='lat' dir='ltr'>sinu</span> <span class='ocrx_word' id='word_1_14' title='bbox 1126 271 1303 312; x_wconf 79' lang='lat' dir='ltr'>recipiens.</span> <span class='ocrx_word' id='word_1_15' title='bbox 1340 273 1369 302; x_wconf 94' lang='lat' dir='ltr'>in</span> <span class='ocrx_word' id='word_1_16' title='bbox 1405 273 1537 313; x_wconf 80' lang='lat' dir='ltr'>spiritali</span> <span class='ocrx_word' id='word_1_17' title='bbox 1569 276 1601 302; x_wconf 78' lang='lat' dir='ltr'>et</span> <span class='ocrx_word' id='word_1_18' title='bbox 1630 273 1755 304; x_wconf 86' lang='lat' dir='ltr'>liberali</span> <span class='ocrx_word' id='word_1_19' title='bbox 1781 278 1853 315; x_wconf 77' lang='lat' dir='ltr'>post</span> <span class='ocrx_word' id='word_1_20' title='bbox 1879 275 1937 305; x_wconf 63' lang='lat' dir='ltr'>SM</span> 
     </span>
     <span class='ocr_line' id='line_1_3' title="bbox 114 320 1760 364; baseline 0.003 -14"><span class='ocrx_word' id='word_1_21' title='bbox 114 320 242 350; x_wconf 87' lang='lat' dir='ltr'>erudire</span> <span class='ocrx_word' id='word_1_22' title='bbox 266 330 331 350; x_wconf 91' lang='lat' dir='ltr'>non</span> <span class='ocrx_word' id='word_1_23' title='bbox 356 324 462 350; x_wconf 82' lang='lat' dir='ltr'>cessat</span> <span class='ocrx_word' id='word_1_24' title='bbox 487 320 637 351; x_wconf 82' lang='lat' dir='ltr'>scicntia:</span> <span class='ocrx_word' id='word_1_25' title='bbox 663 320 780 350; x_wconf 83' lang='lat' dir='ltr'>idcirco</span> <span class='ocrx_word' id='word_1_26' title='bbox 806 325 932 351; x_wconf 83' lang='lat' dir='ltr'>vestrae</span> <span class='ocrx_word' id='word_1_27' title='bbox 957 322 1211 361; x_wconf 74' lang='lat' dir='ltr'>gloriosissimae</span> <span class='ocrx_word' id='word_1_28' title='bbox 1243 327 1274 352; x_wconf 87' lang='lat' dir='ltr'>et</span> <span class='ocrx_word' id='word_1_29' title='bbox 1303 324 1589 364; x_wconf 67' lang='lat' dir='ltr'>tranquillissimae</span> <span class='ocrx_word' id='word_1_30' title='bbox 1615 325 1760 355; x_wconf 87' lang='lat' dir='ltr'>domina-</span> 
     </span>
     <span class='ocr_line' id='line_1_4' title="bbox 118 371 1761 411; baseline 0.004 -10"><span class='ocrx_word' id='word_1_31' title='bbox 118 372 214 402; x_wconf 80' lang='lat' dir='ltr'>tionis</span> <span class='ocrx_word' id='word_1_32' title='bbox 250 371 362 402; x_wconf 89' lang='lat' dir='ltr'>titulus</span> <span class='ocrx_word' id='word_1_33' title='bbox 399 371 487 402; x_wconf 90' lang='lat' dir='ltr'>nulla</span> <span class='ocrx_word' id='word_1_34' title='bbox 519 375 641 407; x_wconf 75' lang='lat' dir='ltr'>aetate,</span> <span class='ocrx_word' id='word_1_35' title='bbox 678 372 765 402; x_wconf 88' lang='lat' dir='ltr'>nulla</span> <span class='ocrx_word' id='word_1_36' title='bbox 797 373 894 403; x_wconf 86' lang='lat' dir='ltr'>etiam</span> <span class='ocrx_word' id='word_1_37' title='bbox 933 377 1097 404; x_wconf 84' lang='lat' dir='ltr'>vetustate</span> <span class='ocrx_word' id='word_1_38' title='bbox 1132 374 1296 411; x_wconf 78' lang='lat' dir='ltr'>abolente.</span> <span class='ocrx_word' id='word_1_39' title='bbox 1335 376 1365 405; x_wconf 89' lang='lat' dir='ltr'>in</span> <span class='ocrx_word' id='word_1_40' title='bbox 1402 376 1579 407; x_wconf 83' lang='lat' dir='ltr'>universali</span> <span class='ocrx_word' id='word_1_41' title='bbox 1616 377 1761 408; x_wconf 87' lang='lat' dir='ltr'>manebit</span> 
     </span>
     <span class='ocr_line' id='line_1_5' title="bbox 118 423 1763 467; baseline 0.002 -12"><span class='ocrx_word' id='word_1_42' title='bbox 118 424 270 455; x_wconf 74' lang='lat' dir='ltr'>ecclesia:</span> <span class='ocrx_word' id='word_1_43' title='bbox 304 423 380 464; x_wconf 90' lang='lat' dir='ltr'>quia</span> <span class='ocrx_word' id='word_1_44' title='bbox 410 423 470 454; x_wconf 87' lang='lat' dir='ltr'>sub</span> <span class='ocrx_word' id='word_1_45' title='bbox 502 424 678 454; x_wconf 88' lang='lat' dir='ltr'>iustissimo</span> <span class='ocrx_word' id='word_1_46' title='bbox 708 426 836 455; x_wconf 85' lang='lat' dir='ltr'>vestrae</span> <span class='ocrx_word' id='word_1_47' title='bbox 870 424 1097 455; x_wconf 87' lang='lat' dir='ltr'>dominationis</span> <span class='ocrx_word' id='word_1_48' title='bbox 1129 426 1263 467; x_wconf 89' lang='lat' dir='ltr'>imperio</span> <span class='ocrx_word' id='word_1_49' title='bbox 1293 427 1382 458; x_wconf 87' lang='lat' dir='ltr'>nulla</span> <span class='ocrx_word' id='word_1_50' title='bbox 1413 428 1444 457; x_wconf 92' lang='lat' dir='ltr'>in</span> <span class='ocrx_word' id='word_1_51' title='bbox 1477 438 1515 458; x_wconf 86' lang='lat' dir='ltr'>ea</span> <span class='ocrx_word' id='word_1_52' title='bbox 1545 428 1647 462; x_wconf 83' lang='lat' dir='ltr'>fraus.</span> <span class='ocrx_word' id='word_1_53' title='bbox 1674 429 1763 460; x_wconf 87' lang='lat' dir='ltr'>nulla</span> 
     </span>
    </p>

    <p class='ocr_par' dir='ltr' id='par_1_3' title="bbox 75 475 1764 728">
     <span class='ocr_line' id='line_1_6' title="bbox 75 475 1764 518; baseline 0.003 -12"><span class='ocrx_word' id='word_1_54' title='bbox 75 489 86 506; x_wconf 69' lang='grc' dir='ltr'>ε»</span> <span class='ocrx_word' id='word_1_55' title='bbox 116 485 288 518; x_wconf 80' lang='lat' dir='ltr'>perversae</span> <span class='ocrx_word' id='word_1_56' title='bbox 313 475 480 506; x_wconf 85' lang='lat' dir='ltr'>doctrinae</span> <span class='ocrx_word' id='word_1_57' title='bbox 506 476 672 517; x_wconf 78' lang='lat' dir='ltr'>suggestio</span> <span class='ocrx_word' id='word_1_58' title='bbox 698 476 800 507; x_wconf 82' lang='lat' dir='ltr'>latere</span> <span class='ocrx_word' id='word_1_59' title='bbox 825 477 928 508; x_wconf 80' lang='lat' dir='ltr'>valet:</span> <span class='ocrx_word' id='word_1_60' title='bbox 954 476 1011 507; x_wconf 85' lang='lat' dir='ltr'>scd</span> <span class='ocrx_word' id='word_1_61' title='bbox 1037 487 1149 508; x_wconf 87' lang='lat' dir='ltr'>omnes</span> <span class='ocrx_word' id='word_1_62' title='bbox 1174 478 1346 509; x_wconf 82' lang='lat' dir='ltr'>orthodoxi</span> <span class='ocrx_word' id='word_1_63' title='bbox 1373 482 1480 510; x_wconf 87' lang='lat' dir='ltr'>vestra</span> <span class='ocrx_word' id='word_1_64' title='bbox 1505 479 1764 511; x_wconf 85' lang='lat' dir='ltr'>luculentissima</span> 
     </span>
     <span class='ocr_line' id='line_1_7' title="bbox 115 528 1763 572; baseline 0.004 -15"><span class='ocrx_word' id='word_1_65' title='bbox 115 528 335 558; x_wconf 80' lang='lat' dir='ltr'>admonitione</span> <span class='ocrx_word' id='word_1_66' title='bbox 366 528 530 558; x_wconf 77' lang='lat' dir='ltr'>instructi.</span> <span class='ocrx_word' id='word_1_67' title='bbox 571 531 715 558; x_wconf 81' lang='lat' dir='ltr'>sanctam</span> <span class='ocrx_word' id='word_1_68' title='bbox 753 528 944 559; x_wconf 77' lang='lat' dir='ltr'>catholicam</span> <span class='ocrx_word' id='word_1_69' title='bbox 978 532 1010 560; x_wconf 85' lang='lat' dir='ltr'>et</span> <span class='ocrx_word' id='word_1_70' title='bbox 1044 531 1256 571; x_wconf 84' lang='lat' dir='ltr'>apostolicam</span> <span class='ocrx_word' id='word_1_71' title='bbox 1289 531 1456 572; x_wconf 88' lang='lat' dir='ltr'>sequendo</span> <span class='ocrx_word' id='word_1_72' title='bbox 1488 542 1524 562; x_wconf 84' lang='lat' dir='ltr'>ac</span> <span class='ocrx_word' id='word_1_73' title='bbox 1558 532 1763 563; x_wconf 84' lang='lat' dir='ltr'>defendendo</span> 
     </span>
     <span class='ocr_line' id='line_1_8' title="bbox 115 579 1764 622; baseline 0.002 -12"><span class='ocrx_word' id='word_1_74' title='bbox 115 580 221 615; x_wconf 82' lang='lat' dir='ltr'>tidem.</span> <span class='ocrx_word' id='word_1_75' title='bbox 247 579 355 610; x_wconf 85' lang='lat' dir='ltr'>divino</span> <span class='ocrx_word' id='word_1_76' title='bbox 380 584 517 610; x_wconf 71' lang='lat' dir='ltr'>vacant²⁸</span> <span class='ocrx_word' id='word_1_77' title='bbox 543 581 652 610; x_wconf 88' lang='lat' dir='ltr'>cultui.</span> <span class='ocrx_word' id='word_1_78' title='bbox 699 580 788 611; x_wconf 91' lang='lat' dir='ltr'>Inter</span> <span class='ocrx_word' id='word_1_79' title='bbox 818 591 896 622; x_wconf 86' lang='lat' dir='ltr'>quos</span> <span class='ocrx_word' id='word_1_80' title='bbox 927 592 1002 621; x_wconf 78' lang='lat' dir='ltr'>ego,</span> <span class='ocrx_word' id='word_1_81' title='bbox 1034 581 1173 622; x_wconf 80' lang='lat' dir='ltr'>exiguus</span> <span class='ocrx_word' id='word_1_82' title='bbox 1205 586 1384 613; x_wconf 79' lang='lat' dir='ltr'>vestroruin</span> <span class='ocrx_word' id='word_1_83' title='bbox 1417 583 1566 613; x_wconf 81' lang='lat' dir='ltr'>videlicet</span> <span class='ocrx_word' id='word_1_84' title='bbox 1599 588 1764 615; x_wconf 81' lang='lat' dir='ltr'>extremus</span> 
     </span>
     <span class='ocr_line' id='line_1_9' title="bbox 115 631 1762 677; baseline 0.002 -15"><span class='ocrx_word' id='word_1_85' title='bbox 115 632 317 665; x_wconf 67' lang='lat' dir='ltr'>famulorum,</span> <span class='ocrx_word' id='word_1_86' title='bbox 343 631 382 661; x_wconf 86' lang='lat' dir='ltr'>de</span> <span class='ocrx_word' id='word_1_87' title='bbox 406 633 615 673; x_wconf 78' lang='lat' dir='ltr'>processione</span> <span class='ocrx_word' id='word_1_88' title='bbox 641 636 673 663; x_wconf 83' lang='lat' dir='ltr'>et</span> <span class='ocrx_word' id='word_1_89' title='bbox 697 633 849 663; x_wconf 82' lang='lat' dir='ltr'>missione</span> <span class='ocrx_word' id='word_1_90' title='bbox 877 633 1016 674; x_wconf 75' lang='lat' dir='ltr'>Spiritus</span> <span class='ocrx_word' id='word_1_91' title='bbox 1042 634 1144 664; x_wconf 82' lang='lat' dir='ltr'>sancti</span> <span class='ocrx_word' id='word_1_92' title='bbox 1171 645 1188 665; x_wconf 84' lang='lat' dir='ltr'>a</span> <span class='ocrx_word' id='word_1_93' title='bbox 1213 639 1305 676; x_wconf 86' lang='lat' dir='ltr'>patre</span> <span class='ocrx_word' id='word_1_94' title='bbox 1324 639 1357 665; x_wconf 90' lang='lat' dir='ltr'>ct</span> <span class='ocrx_word' id='word_1_95' title='bbox 1374 635 1455 666; x_wconf 87' lang='lat' dir='ltr'>filio:</span> <span class='ocrx_word' id='word_1_96' title='bbox 1481 639 1512 665; x_wconf 86' lang='lat' dir='ltr'>et</span> <span class='ocrx_word' id='word_1_97' title='bbox 1537 635 1576 666; x_wconf 84' lang='lat' dir='ltr'>de</span> <span class='ocrx_word' id='word_1_98' title='bbox 1602 647 1652 673; x_wconf 72' lang='lat' dir='ltr'>eo.</span> <span class='ocrx_word' id='word_1_99' title='bbox 1678 637 1762 677; x_wconf 87' lang='lat' dir='ltr'>quod</span> 
     </span>
     <span class='ocr_line' id='line_1_10' title="bbox 115 684 1763 728; baseline 0.002 -14"><span class='ocrx_word' id='word_1_100' title='bbox 115 684 198 715; x_wconf 88' lang='lat' dir='ltr'>idem</span> <span class='ocrx_word' id='word_1_101' title='bbox 224 684 362 725; x_wconf 84' lang='lat' dir='ltr'>Spiritus</span> <span class='ocrx_word' id='word_1_102' title='bbox 388 688 520 715; x_wconf 81' lang='lat' dir='ltr'>sanctus</span> <span class='ocrx_word' id='word_1_103' title='bbox 546 685 647 726; x_wconf 88' lang='lat' dir='ltr'>patris</span> <span class='ocrx_word' id='word_1_104' title='bbox 673 689 704 715; x_wconf 87' lang='lat' dir='ltr'>et</span> <span class='ocrx_word' id='word_1_105' title='bbox 729 685 784 715; x_wconf 88' lang='lat' dir='ltr'>filii</span> <span class='ocrx_word' id='word_1_106' title='bbox 806 686 836 715; x_wconf 90' lang='lat' dir='ltr'>in</span> <span class='ocrx_word' id='word_1_107' title='bbox 860 685 961 716; x_wconf 82' lang='lat' dir='ltr'>sacris</span> <span class='ocrx_word' id='word_1_108' title='bbox 980 686 1198 716; x_wconf 87' lang='lat' dir='ltr'>voluminibus</span> <span class='ocrx_word' id='word_1_109' title='bbox 1216 691 1350 717; x_wconf 72' lang='lat' dir='ltr'>vocatur</span> <span class='ocrx_word' id='word_1_110' title='bbox 1372 687 1511 728; x_wconf 69' lang='lat' dir='ltr'>spiritus.v</span> <span class='ocrx_word' id='word_1_111' title='bbox 1537 689 1640 718; x_wconf 81' lang='lat' dir='ltr'>sancti</span> <span class='ocrx_word' id='word_1_112' title='bbox 1666 689 1763 719; x_wconf 82' lang='lat' dir='ltr'>etiam</span> 
     </span>
    </p>

    <p class='ocr_par' dir='ltr' id='par_1_4' title="bbox 65 735 1763 830">
     <span class='ocr_line' id='line_1_11' title="bbox 65 735 1763 779; baseline 0.002 -12"><span class='ocrx_word' id='word_1_113' title='bbox 65 749 88 767; x_wconf 86' lang='grc' dir='ltr'>ιο</span> <span class='ocrx_word' id='word_1_114' title='bbox 117 736 280 776; x_wconf 84' lang='lat' dir='ltr'>evangelii</span> <span class='ocrx_word' id='word_1_115' title='bbox 313 740 345 765; x_wconf 89' lang='lat' dir='ltr'>et</span> <span class='ocrx_word' id='word_1_116' title='bbox 376 735 544 766; x_wconf 85' lang='lat' dir='ltr'>beatorum</span> <span class='ocrx_word' id='word_1_117' title='bbox 576 740 701 778; x_wconf 83' lang='lat' dir='ltr'>patrum</span> <span class='ocrx_word' id='word_1_118' title='bbox 732 737 958 767; x_wconf 86' lang='lat' dir='ltr'>auctoritatem</span> <span class='ocrx_word' id='word_1_119' title='bbox 993 742 1123 768; x_wconf 80' lang='lat' dir='ltr'>secutus</span> <span class='ocrx_word' id='word_1_120' title='bbox 1157 749 1291 779; x_wconf 84' lang='lat' dir='ltr'>parvum</span> <span class='ocrx_word' id='word_1_121' title='bbox 1327 739 1502 769; x_wconf 87' lang='lat' dir='ltr'>secundum</span> <span class='ocrx_word' id='word_1_122' title='bbox 1529 744 1656 770; x_wconf 81' lang='lat' dir='ltr'>vestrae</span> <span class='ocrx_word' id='word_1_123' title='bbox 1687 740 1763 770; x_wconf 87' lang='lat' dir='ltr'>sub-</span> 
     </span>
     <span class='ocr_line' id='line_1_12' title="bbox 114 788 866 830; baseline 0.001 -12"><span class='ocrx_word' id='word_1_124' title='bbox 114 788 257 818; x_wconf 82' lang='lat' dir='ltr'>limitatis</span> <span class='ocrx_word' id='word_1_125' title='bbox 284 788 458 818; x_wconf 77' lang='lat' dir='ltr'>iussionem</span> <span class='ocrx_word' id='word_1_126' title='bbox 487 790 662 830; x_wconf 69' lang='lat' dir='ltr'>conscripsi</span> <span class='ocrx_word' id='word_1_127' title='bbox 689 789 832 819; x_wconf 75' lang='lat' dir='ltr'>libellum</span> <span class='ocrx_word' id='word_1_128' title='bbox 846 790 866 821; x_wconf 51' lang='grc' dir='ltr'>ι’.</span> 
     </span>
    </p>
   </div>
   <div class='ocr_carea' id='block_1_3' title="bbox 922 981 951 1011">
    <p class='ocr_par' dir='ltr' id='par_1_5' title="bbox 922 981 951 1011">
     <span class='ocr_line' id='line_1_13' title="bbox 922 981 951 1011; baseline 0.069 -2"><span class='ocrx_word' id='word_1_129' title='bbox 922 981 951 1011; x_wconf 89' lang='grc'>4.</span> 
     </span>
    </p>
   </div>
   <div class='ocr_carea' id='block_1_4' title="bbox 109 1038 1765 1185">
    <p class='ocr_par' dir='ltr' id='par_1_6' title="bbox 109 1038 1765 1185">
     <span class='ocr_line' id='line_1_14' title="bbox 214 1038 1765 1081; baseline 0.003 -12"><span class='ocrx_word' id='word_1_130' title='bbox 214 1038 388 1078; x_wconf 59' lang='lat' dir='ltr'>quiscolms</span> <span class='ocrx_word' id='word_1_131' title='bbox 415 1039 542 1078; x_wconf 73' lang='lat' dir='ltr'>quidam</span> <span class='ocrx_word' id='word_1_132' title='bbox 567 1038 727 1080; x_wconf 58' lang='lat' dir='ltr'>fratribus</span> <span class='ocrx_word' id='word_1_133' title='bbox 756 1040 938 1070; x_wconf 56' lang='lat' dir='ltr'>monasterio*</span> <span class='ocrx_word' id='word_1_134' title='bbox 968 1040 1131 1071; x_wconf 68' lang='lat' dir='ltr'>(xut&#39;usdam</span> <span class='ocrx_word' id='word_1_135' title='bbox 1158 1040 1193 1071; x_wconf 79' lang='lat' dir='ltr'>dc</span> <span class='ocrx_word' id='word_1_136' title='bbox 1223 1041 1343 1072; x_wconf 69' lang='lat' dir='ltr'>ratione</span> <span class='ocrx_word' id='word_1_137' title='bbox 1373 1041 1648 1081; x_wconf 62' lang='lat' dir='ltr'>qzc‘e&#39;qutayesimae</span> <span class='ocrx_word' id='word_1_138' title='bbox 1676 1053 1765 1073; x_wconf 74' lang='lat' dir='ltr'>sexa-</span> 
     </span>
     <span class='ocr_line' id='line_1_15' title="bbox 109 1091 1678 1132; baseline 0.002 -11"><span class='ocrx_word' id='word_1_139' title='bbox 109 1091 243 1130; x_wconf 78' lang='lat' dir='ltr'>9esima&#39;e</span> <span class='ocrx_word' id='word_1_140' title='bbox 265 1093 293 1121; x_wconf 68' lang='lat' dir='ltr'>et</span> <span class='ocrx_word' id='word_1_141' title='bbox 321 1091 563 1130; x_wconf 72' lang='lat' dir='ltr'>scptuaqcsz&#39;nmc</span> <span class='ocrx_word' id='word_1_142' title='bbox 586 1092 721 1130; x_wconf 65' lang='lat' dir='ltr'>exponit.</span> <span class='ocrx_word' id='word_1_143' title='bbox 1515 1096 1585 1132; x_wconf 72' lang='lat' dir='ltr'>post</span> <span class='ocrx_word' id='word_1_144' title='bbox 1608 1095 1678 1124; x_wconf 68' lang='lat'>804.</span> 
     </span>
     <span class='ocr_line' id='line_1_16' title="bbox 216 1149 1496 1185; baseline 0.003 -10"><span class='ocrx_word' id='word_1_145' title='bbox 216 1149 277 1176; x_wconf 79' lang='lat' dir='ltr'>God.</span> <span class='ocrx_word' id='word_1_146' title='bbox 301 1150 341 1175; x_wconf 85' lang='lat' dir='ltr'>T*</span> <span class='ocrx_word' id='word_1_147' title='bbox 361 1151 406 1182; x_wconf 78' lang='lat' dir='ltr'>(cs.</span> <span class='ocrx_word' id='word_1_148' title='bbox 426 1158 511 1184; x_wconf 73' lang='lat' dir='ltr'>snpra</span> <span class='ocrx_word' id='word_1_149' title='bbox 527 1159 554 1184; x_wconf 81' lang='lat' dir='ltr'>p.</span> <span class='ocrx_word' id='word_1_150' title='bbox 571 1152 597 1183; x_wconf 88' lang='lat'>6)</span> <span class='ocrx_word' id='word_1_151' title='bbox 615 1151 662 1182; x_wconf 80' lang='lat' dir='ltr'>fol.</span> <span class='ocrx_word' id='word_1_152' title='bbox 678 1153 826 1183; x_wconf 73' lang='lat'><em>117¹—119¹‚</em></span> <span class='ocrx_word' id='word_1_153' title='bbox 847 1159 923 1184; x_wconf 76' lang='lat' dir='ltr'>quem</span> <span class='ocrx_word' id='word_1_154' title='bbox 941 1152 1053 1177; x_wconf 61' lang='lat' dir='ltr'>contulit</span> <span class='ocrx_word' id='word_1_155' title='bbox 1072 1152 1274 1185; x_wconf 62' lang='lat' dir='ltr'>Homer-Emer</span> <span class='ocrx_word' id='word_1_156' title='bbox 1292 1153 1380 1178; x_wconf 66' lang='lat' dir='ltr'>socias</span> <span class='ocrx_word' id='word_1_157' title='bbox 1398 1156 1496 1179; x_wconf 69' lang='lat' dir='ltr'>noster.</span> 
     </span>
    </p>
   </div>
   <div class='ocr_carea' id='block_1_5' title="bbox 63 1193 1766 1269">
    <p class='ocr_par' dir='ltr' id='par_1_7' title="bbox 63 1193 1766 1269">
     <span class='ocr_line' id='line_1_17' title="bbox 63 1193 1766 1230; baseline 0.002 -11"><span class='ocrx_word' id='word_1_158' title='bbox 63 1206 85 1224; x_wconf 66' lang='grc' dir='ltr'>ις.</span> <span class='ocrx_word' id='word_1_159' title='bbox 216 1193 289 1219; x_wconf 77' lang='lat' dir='ltr'>Edd.</span> <span class='ocrx_word' id='word_1_160' title='bbox 317 1193 499 1227; x_wconf 71' lang='lat' dir='ltr'>Quercetcmus</span> <span class='ocrx_word' id='word_1_161' title='bbox 520 1198 564 1220; x_wconf 74' lang='lat'>109</span> <span class='ocrx_word' id='word_1_162' title='bbox 586 1195 632 1220; x_wconf 82' lang='lat' dir='ltr'>col.</span> <span class='ocrx_word' id='word_1_163' title='bbox 651 1198 824 1227; x_wconf 67' lang='grc'><strong><em>1656-1659,</em></strong></span> <span class='ocrx_word' id='word_1_164' title='bbox 850 1195 960 1220; x_wconf 71' lang='lat' dir='ltr'>Alcaini</span> <span class='ocrx_word' id='word_1_165' title='bbox 986 1204 1045 1228; x_wconf 73' lang='lat' dir='ltr'>opp.</span> <span class='ocrx_word' id='word_1_166' title='bbox 1071 1196 1110 1221; x_wconf 72' lang='lat' dir='ltr'>etl.</span> <span class='ocrx_word' id='word_1_167' title='bbox 1132 1196 1282 1222; x_wconf 68' lang='lat' dir='ltr'>Frobenius</span> <span class='ocrx_word' id='word_1_168' title='bbox 1307 1197 1350 1229; x_wconf 84' lang='lat' dir='ltr'>H,</span> <span class='ocrx_word' id='word_1_169' title='bbox 1372 1200 1522 1229; x_wconf 66' lang='lat'><em>5113—564,</em></span> <span class='ocrx_word' id='word_1_170' title='bbox 1548 1197 1642 1230; x_wconf 71' lang='lat' dir='ltr'>Miyne</span> <span class='ocrx_word' id='word_1_171' title='bbox 1666 1197 1766 1223; x_wconf 72' lang='lat' dir='ltr'>Patrol.</span> 
     </span>
     <span class='ocr_line' id='line_1_18' title="bbox 114 1237 403 1269; baseline 0.007 -8"><span class='ocrx_word' id='word_1_172' title='bbox 114 1237 156 1269; x_wconf 65' lang='grc' dir='ltr'>(ΥῙ,</span> <span class='ocrx_word' id='word_1_173' title='bbox 170 1237 215 1263; x_wconf 80' lang='lat' dir='ltr'>col.</span> <span class='ocrx_word' id='word_1_174' title='bbox 230 1240 403 1263; x_wconf 53' lang='lat'>11320-1322,</span> 
     </span>
    </p>
   </div>
   <div class='ocr_carea' id='block_1_6' title="bbox 62 1326 1767 2608">
    <p class='ocr_par' dir='ltr' id='par_1_8' title="bbox 62 1326 1767 2608">
     <span class='ocr_line' id='line_1_19' title="bbox 216 1326 1668 1354; baseline 0.003 -4"><span class='ocrx_word' id='word_1_175' title='bbox 216 1326 405 1350; x_wconf 79' lang='lat' dir='ltr'>FRATRIBUS</span> <span class='ocrx_word' id='word_1_176' title='bbox 425 1326 602 1351; x_wconf 81' lang='lat' dir='ltr'>FELICIBUS</span> <span class='ocrx_word' id='word_1_177' title='bbox 622 1327 754 1351; x_wconf 80' lang='lat' dir='ltr'>FAUSTE</span> <span class='ocrx_word' id='word_1_178' title='bbox 774 1328 980 1352; x_wconf 75' lang='lat' dir='ltr'>VIVENTIBUS</span> <span class='ocrx_word' id='word_1_179' title='bbox 1001 1328 1042 1351; x_wconf 78' lang='lat' dir='ltr'>ET</span> <span class='ocrx_word' id='word_1_180' title='bbox 1062 1329 1109 1351; x_wconf 74' lang='lat' dir='ltr'>AD</span> <span class='ocrx_word' id='word_1_181' title='bbox 1129 1329 1311 1352; x_wconf 77' lang='lat' dir='ltr'>FELICIORA</span> <span class='ocrx_word' id='word_1_182' title='bbox 1331 1329 1570 1354; x_wconf 77' lang='lat' dir='ltr'>TENDENTIBUS</span> <span class='ocrx_word' id='word_1_183' title='bbox 1590 1330 1668 1354; x_wconf 88' lang='lat' dir='ltr'>ILLE</span> 
     </span>
     <span class='ocr_line' id='line_1_20' title="bbox 636 1371 1248 1396; baseline 0.003 -2"><span class='ocrx_word' id='word_1_184' title='bbox 636 1371 817 1395; x_wconf 79' lang='lat' dir='ltr'>EPISCOPUS</span> <span class='ocrx_word' id='word_1_185' title='bbox 836 1371 1014 1395; x_wconf 69' lang='lat' dir='ltr'>PECs&#39;ATOR</span> <span class='ocrx_word' id='word_1_186' title='bbox 1034 1372 1076 1395; x_wconf 83' lang='lat' dir='ltr'>ET</span> <span class='ocrx_word' id='word_1_187' title='bbox 1097 1372 1248 1396; x_wconf 65' lang='lat' dir='ltr'>HUMILIS.</span> 
     </span>
     <span class='ocr_line' id='line_1_21' title="bbox 218 1419 1766 1466; baseline 0.003 -16"><span class='ocrx_word' id='word_1_188' title='bbox 218 1419 344 1462; x_wconf 84' lang='lat' dir='ltr'>Dignas</span> <span class='ocrx_word' id='word_1_189' title='bbox 369 1420 451 1453; x_wconf 80' lang='lat' dir='ltr'>Deo.</span> <span class='ocrx_word' id='word_1_190' title='bbox 476 1421 506 1451; x_wconf 89' lang='lat' dir='ltr'>in</span> <span class='ocrx_word' id='word_1_191' title='bbox 533 1424 687 1462; x_wconf 86' lang='lat' dir='ltr'>quantum</span> <span class='ocrx_word' id='word_1_192' title='bbox 714 1422 821 1456; x_wconf 76' lang='lat' dir='ltr'>valeo.</span> <span class='ocrx_word' id='word_1_193' title='bbox 853 1423 990 1463; x_wconf 83' lang='lat' dir='ltr'>gratias.</span> <span class='ocrx_word' id='word_1_194' title='bbox 1016 1423 1069 1463; x_wconf 90' lang='lat' dir='ltr'>qui</span> <span class='ocrx_word' id='word_1_195' title='bbox 1103 1423 1133 1453; x_wconf 90' lang='lat' dir='ltr'>in</span> <span class='ocrx_word' id='word_1_196' title='bbox 1158 1423 1252 1453; x_wconf 88' lang='lat' dir='ltr'>vobis</span> <span class='ocrx_word' id='word_1_197' title='bbox 1282 1434 1339 1465; x_wconf 90' lang='lat' dir='ltr'>per</span> <span class='ocrx_word' id='word_1_198' title='bbox 1364 1434 1420 1454; x_wconf 86' lang='lat' dir='ltr'>vos</span> <span class='ocrx_word' id='word_1_199' title='bbox 1453 1424 1555 1454; x_wconf 86' lang='lat' dir='ltr'>multa</span> <span class='ocrx_word' id='word_1_200' title='bbox 1580 1423 1664 1454; x_wconf 89' lang='lat' dir='ltr'>bona</span> <span class='ocrx_word' id='word_1_201' title='bbox 1689 1435 1766 1466; x_wconf 90' lang='lat' dir='ltr'>ope-</span> 
     </span>
     <span class='ocr_line' id='line_1_22' title="bbox 63 1472 1765 1516; baseline 0.002 -13"><span class='ocrx_word' id='word_1_202' title='bbox 63 1481 87 1500; x_wconf 80' lang='lat'>20</span> <span class='ocrx_word' id='word_1_203' title='bbox 117 1472 217 1503; x_wconf 89' lang='lat' dir='ltr'>rando</span> <span class='ocrx_word' id='word_1_204' title='bbox 250 1472 393 1504; x_wconf 84' lang='lat' dir='ltr'>adscitos</span> <span class='ocrx_word' id='word_1_205' title='bbox 425 1473 485 1504; x_wconf 88' lang='lat' dir='ltr'>sibi</span> <span class='ocrx_word' id='word_1_206' title='bbox 516 1473 661 1514; x_wconf 83' lang='lat' dir='ltr'>plurimis</span> <span class='ocrx_word' id='word_1_207' title='bbox 693 1473 925 1505; x_wconf 85' lang='lat' dir='ltr'>subministrat.</span> <span class='ocrx_word' id='word_1_208' title='bbox 974 1474 1066 1515; x_wconf 83' lang='lat' dir='ltr'>Rogo</span> <span class='ocrx_word' id='word_1_209' title='bbox 1097 1479 1205 1505; x_wconf 80' lang='lat' dir='ltr'>auten]</span> <span class='ocrx_word' id='word_1_210' title='bbox 1232 1475 1318 1505; x_wconf 88' lang='lat' dir='ltr'>illius</span> <span class='ocrx_word' id='word_1_211' title='bbox 1345 1476 1617 1516; x_wconf 65' lang='lat' dir='ltr'>magnitudinem,</span> <span class='ocrx_word' id='word_1_212' title='bbox 1642 1480 1677 1506; x_wconf 92' lang='lat' dir='ltr'>ut</span> <span class='ocrx_word' id='word_1_213' title='bbox 1701 1477 1765 1507; x_wconf 84' lang='lat' dir='ltr'>cle-</span> 
     </span>
     <span class='ocr_line' id='line_1_23' title="bbox 115 1525 1766 1569; baseline 0.003 -14"><span class='ocrx_word' id='word_1_214' title='bbox 115 1525 316 1556; x_wconf 88' lang='lat' dir='ltr'>mentissime</span> <span class='ocrx_word' id='word_1_215' title='bbox 340 1528 554 1566; x_wconf 78' lang='lat' dir='ltr'>augmentare</span> <span class='ocrx_word' id='word_1_216' title='bbox 580 1525 774 1557; x_wconf 87' lang='lat' dir='ltr'>abundando</span> <span class='ocrx_word' id='word_1_217' title='bbox 799 1527 936 1567; x_wconf 80' lang='lat' dir='ltr'>gratiam</span> <span class='ocrx_word' id='word_1_218' title='bbox 963 1538 1054 1557; x_wconf 83' lang='lat' dir='ltr'>suam</span> <span class='ocrx_word' id='word_1_219' title='bbox 1081 1528 1111 1557; x_wconf 92' lang='lat' dir='ltr'>in</span> <span class='ocrx_word' id='word_1_220' title='bbox 1137 1527 1228 1558; x_wconf 85' lang='lat' dir='ltr'>vobis</span> <span class='ocrx_word' id='word_1_221' title='bbox 1254 1538 1355 1569; x_wconf 82' lang='lat' dir='ltr'>usque</span> <span class='ocrx_word' id='word_1_222' title='bbox 1381 1529 1411 1558; x_wconf 90' lang='lat' dir='ltr'>in</span> <span class='ocrx_word' id='word_1_223' title='bbox 1436 1530 1530 1559; x_wconf 84' lang='lat' dir='ltr'>tinem</span> <span class='ocrx_word' id='word_1_224' title='bbox 1549 1540 1612 1559; x_wconf 92' lang='lat' dir='ltr'>non</span> <span class='ocrx_word' id='word_1_225' title='bbox 1631 1529 1766 1560; x_wconf 84' lang='lat' dir='ltr'>desinat.</span> 
     </span>
     <span class='ocr_line' id='line_1_24' title="bbox 114 1575 1767 1619; baseline 0.004 -13"><span class='ocrx_word' id='word_1_226' title='bbox 114 1575 156 1607; x_wconf 83' lang='lat' dir='ltr'>Et</span> <span class='ocrx_word' id='word_1_227' title='bbox 180 1576 255 1618; x_wconf 86' lang='lat' dir='ltr'>quia</span> <span class='ocrx_word' id='word_1_228' title='bbox 278 1586 329 1607; x_wconf 93' lang='lat' dir='ltr'>mc</span> <span class='ocrx_word' id='word_1_229' title='bbox 354 1586 416 1606; x_wconf 89' lang='lat' dir='ltr'>non</span> <span class='ocrx_word' id='word_1_230' title='bbox 443 1576 595 1607; x_wconf 78' lang='lat' dir='ltr'>idoneum</span> <span class='ocrx_word' id='word_1_231' title='bbox 621 1576 660 1607; x_wconf 89' lang='lat' dir='ltr'>ad</span> <span class='ocrx_word' id='word_1_232' title='bbox 686 1577 746 1608; x_wconf 87' lang='lat' dir='ltr'>hoc</span> <span class='ocrx_word' id='word_1_233' title='bbox 772 1588 865 1619; x_wconf 69' lang='lat' dir='ltr'>opus,</span> <span class='ocrx_word' id='word_1_234' title='bbox 891 1579 1023 1609; x_wconf 85' lang='lat' dir='ltr'>tamenb</span> <span class='ocrx_word' id='word_1_235' title='bbox 1048 1578 1146 1609; x_wconf 86' lang='lat' dir='ltr'>fidum</span> <span class='ocrx_word' id='word_1_236' title='bbox 1172 1591 1243 1610; x_wconf 83' lang='lat' dir='ltr'>esse</span> <span class='ocrx_word' id='word_1_237' title='bbox 1269 1580 1437 1611; x_wconf 74' lang='lat' dir='ltr'>mordente</span> <span class='ocrx_word' id='word_1_238' title='bbox 1464 1582 1665 1612; x_wconf 75' lang='lat' dir='ltr'>conscientia</span> <span class='ocrx_word' id='word_1_239' title='bbox 1690 1593 1767 1612; x_wconf 82' lang='lat' dir='ltr'>con-</span> 
     </span>
     <span class='ocr_line' id='line_1_25' title="bbox 114 1627 1766 1675; baseline 0.004 -17"><span class='ocrx_word' id='word_1_240' title='bbox 114 1627 231 1664; x_wconf 70' lang='lat' dir='ltr'>sidero,</span> <span class='ocrx_word' id='word_1_241' title='bbox 256 1628 297 1659; x_wconf 85' lang='lat' dir='ltr'>ad</span> <span class='ocrx_word' id='word_1_242' title='bbox 314 1628 440 1659; x_wconf 58' lang='lat' dir='ltr'>laetas—0</span> <span class='ocrx_word' id='word_1_243' title='bbox 458 1627 577 1659; x_wconf 81' lang='lat' dir='ltr'>Christi</span> <span class='ocrx_word' id='word_1_244' title='bbox 596 1639 651 1659; x_wconf 87' lang='lat' dir='ltr'>vos</span> <span class='ocrx_word' id='word_1_245' title='bbox 670 1629 894 1661; x_wconf 79' lang='lat' dir='ltr'>conmilitones</span> <span class='ocrx_word' id='word_1_246' title='bbox 914 1630 990 1660; x_wconf 88' lang='lat' dir='ltr'>mihi</span> <span class='ocrx_word' id='word_1_247' title='bbox 1009 1640 1063 1671; x_wconf 86' lang='lat' dir='ltr'>per</span> <span class='ocrx_word' id='word_1_248' title='bbox 1083 1632 1190 1662; x_wconf 82' lang='lat' dir='ltr'>onmia</span> <span class='ocrx_word' id='word_1_249' title='bbox 1208 1632 1331 1662; x_wconf 88' lang='lat' dir='ltr'>meritis</span> <span class='ocrx_word' id='word_1_250' title='bbox 1351 1633 1495 1674; x_wconf 79' lang='lat' dir='ltr'>prolatis⁷</span> <span class='ocrx_word' id='word_1_251' title='bbox 1514 1637 1548 1663; x_wconf 93' lang='lat' dir='ltr'>ut</span> <span class='ocrx_word' id='word_1_252' title='bbox 1566 1633 1596 1663; x_wconf 89' lang='lat' dir='ltr'>id</span> <span class='ocrx_word' id='word_1_253' title='bbox 1614 1638 1766 1675; x_wconf 77' lang='lat' dir='ltr'>rogantes</span> 
     </span>
     <span class='ocr_line' id='line_1_26' title="bbox 116 1679 1763 1726; baseline 0.004 -16"><span class='ocrx_word' id='word_1_254' title='bbox 116 1679 283 1721; x_wconf 84' lang='lat' dir='ltr'>optineant</span> <span class='ocrx_word' id='word_1_255' title='bbox 308 1680 479 1721; x_wconf 85' lang='lat' dir='ltr'>sociosque</span> <span class='ocrx_word' id='word_1_256' title='bbox 506 1691 614 1711; x_wconf 86' lang='lat' dir='ltr'>secum</span> <span class='ocrx_word' id='word_1_257' title='bbox 642 1681 760 1712; x_wconf 78' lang='lat' dir='ltr'>heriles</span> <span class='ocrx_word' id='word_1_258' title='bbox 787 1682 968 1714; x_wconf 81' lang='lat' dir='ltr'>adsumant.</span> <span class='ocrx_word' id='word_1_259' title='bbox 995 1686 1061 1713; x_wconf 85' lang='lat' dir='ltr'>tota</span> <span class='ocrx_word' id='word_1_260' title='bbox 1086 1683 1266 1714; x_wconf 86' lang='lat' dir='ltr'>intentione</span> <span class='ocrx_word' id='word_1_261' title='bbox 1285 1685 1478 1725; x_wconf 82' lang='lat' dir='ltr'>suppliciter</span> <span class='ocrx_word' id='word_1_262' title='bbox 1496 1696 1602 1726; x_wconf 80' lang='lat' dir='ltr'>posco.</span> <span class='ocrx_word' id='word_1_263' title='bbox 1651 1685 1763 1716; x_wconf 91' lang='lat' dir='ltr'>Omni-</span> 
     </span>
     <span class='ocr_line' id='line_1_27' title="bbox 63 1731 1765 1778; baseline 0.002 -14"><span class='ocrx_word' id='word_1_264' title='bbox 63 1746 88 1764; x_wconf 73' lang='lat'>25</span> <span class='ocrx_word' id='word_1_265' title='bbox 116 1731 239 1772; x_wconf 84' lang='lat' dir='ltr'>potenti</span> <span class='ocrx_word' id='word_1_266' title='bbox 270 1732 355 1762; x_wconf 89' lang='lat' dir='ltr'>enim</span> <span class='ocrx_word' id='word_1_267' title='bbox 385 1731 455 1763; x_wconf 86' lang='lat' dir='ltr'>Deo</span> <span class='ocrx_word' id='word_1_268' title='bbox 486 1733 606 1773; x_wconf 83' lang='lat' dir='ltr'>gratias</span> <span class='ocrx_word' id='word_1_269' title='bbox 641 1733 784 1774; x_wconf 79' lang='lat' dir='ltr'>agendO.</span> <span class='ocrx_word' id='word_1_270' title='bbox 810 1735 862 1774; x_wconf 90' lang='lat' dir='ltr'>qui</span> <span class='ocrx_word' id='word_1_271' title='bbox 889 1745 943 1764; x_wconf 86' lang='lat' dir='ltr'>vos</span> <span class='ocrx_word' id='word_1_272' title='bbox 970 1745 1158 1776; x_wconf 83' lang='lat' dir='ltr'>nuncusque</span> <span class='ocrx_word' id='word_1_273' title='bbox 1185 1746 1243 1766; x_wconf 84' lang='lat' dir='ltr'>sua</span> <span class='ocrx_word' id='word_1_274' title='bbox 1267 1741 1440 1777; x_wconf 84' lang='lat' dir='ltr'>protegere.</span> <span class='ocrx_word' id='word_1_275' title='bbox 1473 1736 1588 1767; x_wconf 84' lang='lat' dir='ltr'>dextra</span> <span class='ocrx_word' id='word_1_276' title='bbox 1613 1737 1765 1778; x_wconf 84' lang='lat' dir='ltr'>dignatus</span> 
     </span>
     <span class='ocr_line' id='line_1_28' title="bbox 116 1783 1765 1830; baseline 0.004 -17"><span class='ocrx_word' id='word_1_277' title='bbox 116 1787 175 1820; x_wconf 78' lang='lat' dir='ltr'>est,</span> <span class='ocrx_word' id='word_1_278' title='bbox 200 1783 240 1814; x_wconf 90' lang='lat' dir='ltr'>de</span> <span class='ocrx_word' id='word_1_279' title='bbox 266 1787 373 1814; x_wconf 83' lang='lat' dir='ltr'>vestra</span> <span class='ocrx_word' id='word_1_280' title='bbox 397 1784 481 1814; x_wconf 88' lang='lat' dir='ltr'>alma</span> <span class='ocrx_word' id='word_1_281' title='bbox 506 1785 755 1816; x_wconf 83' lang='lat' dir='ltr'>conversatione</span> <span class='ocrx_word' id='word_1_282' title='bbox 782 1786 957 1823; x_wconf 82' lang='lat' dir='ltr'>gratiarum</span> <span class='ocrx_word' id='word_1_283' title='bbox 976 1787 1121 1817; x_wconf 82' lang='lat' dir='ltr'>actiones</span> <span class='ocrx_word' id='word_1_284' title='bbox 1146 1787 1333 1828; x_wconf 84' lang='lat' dir='ltr'>persolvere</span> <span class='ocrx_word' id='word_1_285' title='bbox 1359 1788 1454 1823; x_wconf 65' lang='lat' dir='ltr'>nitor,</span> <span class='ocrx_word' id='word_1_286' title='bbox 1480 1788 1619 1819; x_wconf 87' lang='lat' dir='ltr'>sednon</span> <span class='ocrx_word' id='word_1_287' title='bbox 1640 1789 1765 1830; x_wconf 76' lang='lat' dir='ltr'>dignas,</span> 
     </span>
     <span class='ocr_line' id='line_1_29' title="bbox 114 1835 1765 1883; baseline 0.004 -18"><span class='ocrx_word' id='word_1_288' title='bbox 114 1835 189 1876; x_wconf 88' lang='lat' dir='ltr'>quia</span> <span class='ocrx_word' id='word_1_289' title='bbox 221 1846 283 1866; x_wconf 90' lang='lat' dir='ltr'>non</span> <span class='ocrx_word' id='word_1_290' title='bbox 315 1836 408 1866; x_wconf 85' lang='lat' dir='ltr'>valeo</span> <span class='ocrx_word' id='word_1_291' title='bbox 439 1835 575 1873; x_wconf 66' lang='lat' dir='ltr'>debitor,</span> <span class='ocrx_word' id='word_1_292' title='bbox 606 1837 761 1878; x_wconf 85' lang='lat' dir='ltr'>plurimas</span> <span class='ocrx_word' id='word_1_293' title='bbox 794 1842 918 1872; x_wconf 80' lang='lat' dir='ltr'>tamen.</span> <span class='ocrx_word' id='word_1_294' title='bbox 951 1839 980 1869; x_wconf 88' lang='lat' dir='ltr'>in</span> <span class='ocrx_word' id='word_1_295' title='bbox 1012 1843 1165 1879; x_wconf 80' lang='lat' dir='ltr'>quantum</span> <span class='ocrx_word' id='word_1_296' title='bbox 1204 1841 1312 1877; x_wconf 71' lang='lat' dir='ltr'>valeo.</span> <span class='ocrx_word' id='word_1_297' title='bbox 1350 1844 1475 1871; x_wconf 80' lang='lat' dir='ltr'>vestrae</span> <span class='ocrx_word' id='word_1_298' title='bbox 1515 1842 1679 1872; x_wconf 81' lang='lat' dir='ltr'>sanctitati</span> <span class='ocrx_word' id='word_1_299' title='bbox 1709 1852 1765 1883; x_wconf 87' lang='lat' dir='ltr'>pro</span> 
     </span>
     <span class='ocr_line' id='line_1_30' title="bbox 114 1887 1765 1933; baseline 0.004 -16"><span class='ocrx_word' id='word_1_300' title='bbox 114 1888 268 1929; x_wconf 85' lang='lat' dir='ltr'>piissimis</span> <span class='ocrx_word' id='word_1_301' title='bbox 293 1891 326 1918; x_wconf 86' lang='lat' dir='ltr'>et</span> <span class='ocrx_word' id='word_1_302' title='bbox 350 1887 421 1919; x_wconf 87' lang='lat' dir='ltr'>Deo</span> <span class='ocrx_word' id='word_1_303' title='bbox 447 1888 646 1930; x_wconf 83' lang='lat' dir='ltr'>dignissimis</span> <span class='ocrx_word' id='word_1_304' title='bbox 673 1889 822 1931; x_wconf 87' lang='lat' dir='ltr'>precibus</span> <span class='ocrx_word' id='word_1_305' title='bbox 846 1901 908 1920; x_wconf 88' lang='lat' dir='ltr'>non</span> <span class='ocrx_word' id='word_1_306' title='bbox 935 1892 1090 1921; x_wconf 88' lang='lat' dir='ltr'>omittam.</span> <span class='ocrx_word' id='word_1_307' title='bbox 1139 1891 1291 1922; x_wconf 82' lang='lat' dir='ltr'>Piissimc</span> <span class='ocrx_word' id='word_1_308' title='bbox 1318 1903 1367 1922; x_wconf 92' lang='lat' dir='ltr'>me</span> <span class='ocrx_word' id='word_1_309' title='bbox 1396 1892 1526 1933; x_wconf 88' lang='lat' dir='ltr'>quidem</span> <span class='ocrx_word' id='word_1_310' title='bbox 1553 1904 1649 1924; x_wconf 84' lang='lat' dir='ltr'>nosse</span> <span class='ocrx_word' id='word_1_311' title='bbox 1675 1893 1765 1924; x_wconf 87' lang='lat' dir='ltr'>labo-</span> 
     </span>
     <span class='ocr_line' id='line_1_31' title="bbox 114 1939 1766 1986; baseline 0.004 -17"><span class='ocrx_word' id='word_1_312' title='bbox 114 1949 181 1970; x_wconf 91' lang='lat' dir='ltr'>rem</span> <span class='ocrx_word' id='word_1_313' title='bbox 216 1939 287 1970; x_wconf 83' lang='lat' dir='ltr'>illos</span> <span class='ocrx_word' id='word_1_314' title='bbox 318 1950 470 1971; x_wconf 86' lang='lat' dir='ltr'>exercere</span> <span class='ocrx_word' id='word_1_315' title='bbox 507 1944 635 1972; x_wconf 84' lang='lat' dir='ltr'>vestrae</span> <span class='ocrx_word' id='word_1_316' title='bbox 666 1942 830 1983; x_wconf 81' lang='lat' dir='ltr'>religionis</span> <span class='ocrx_word' id='word_1_317' title='bbox 860 1942 985 1973; x_wconf 88' lang='lat' dir='ltr'>culmen</span> <span class='ocrx_word' id='word_1_318' title='bbox 1019 1943 1102 1973; x_wconf 84' lang='lat' dir='ltr'>haud</span> <span class='ocrx_word' id='word_1_319' title='bbox 1132 1944 1272 1981; x_wconf 69' lang='lat' dir='ltr'>haesito.</span> <span class='ocrx_word' id='word_1_320' title='bbox 1305 1944 1357 1985; x_wconf 90' lang='lat' dir='ltr'>qui</span> <span class='ocrx_word' id='word_1_321' title='bbox 1390 1954 1502 1985; x_wconf 80' lang='lat' dir='ltr'>preces</span> <span class='ocrx_word' id='word_1_322' title='bbox 1535 1956 1591 1986; x_wconf 88' lang='lat' dir='ltr'>pro</span> <span class='ocrx_word' id='word_1_323' title='bbox 1625 1956 1659 1975; x_wconf 86' lang='lat' dir='ltr'>se</span> <span class='ocrx_word' id='word_1_324' title='bbox 1692 1956 1766 1976; x_wconf 85' lang='lat' dir='ltr'>suas</span> 
     </span>
     <span class='ocr_line' id='line_1_32' title="bbox 65 1991 1764 2037; baseline 0.002 -14"><span class='ocrx_word' id='word_1_325' title='bbox 65 2005 89 2024; x_wconf 82' lang='lat'>³0</span> <span class='ocrx_word' id='word_1_326' title='bbox 118 2001 181 2022; x_wconf 92' lang='lat' dir='ltr'>non</span> <span class='ocrx_word' id='word_1_327' title='bbox 207 1991 311 2022; x_wconf 87' lang='lat' dir='ltr'>solum</span> <span class='ocrx_word' id='word_1_328' title='bbox 337 2002 446 2022; x_wconf 84' lang='lat' dir='ltr'>sacras</span> <span class='ocrx_word' id='word_1_329' title='bbox 472 1993 644 2023; x_wconf 85' lang='lat' dir='ltr'>infundunt</span> <span class='ocrx_word' id='word_1_330' title='bbox 667 1993 819 2031; x_wconf 78' lang='lat' dir='ltr'>Domino,</span> <span class='ocrx_word' id='word_1_331' title='bbox 845 1994 900 2024; x_wconf 87' lang='lat' dir='ltr'>sed</span> <span class='ocrx_word' id='word_1_332' title='bbox 926 1998 957 2025; x_wconf 84' lang='lat' dir='ltr'>et</span> <span class='ocrx_word' id='word_1_333' title='bbox 982 2006 1038 2037; x_wconf 88' lang='lat' dir='ltr'>pro</span> <span class='ocrx_word' id='word_1_334' title='bbox 1064 1995 1136 2026; x_wconf 85' lang='lat' dir='ltr'>aliis</span> <span class='ocrx_word' id='word_1_335' title='bbox 1162 1995 1436 2037; x_wconf 73' lang='lat' dir='ltr'>quibuscumque,</span> <span class='ocrx_word' id='word_1_336' title='bbox 1471 2000 1504 2026; x_wconf 85' lang='lat' dir='ltr'>ut</span> <span class='ocrx_word' id='word_1_337' title='bbox 1528 1997 1648 2037; x_wconf 86' lang='lat' dir='ltr'>pariter</span> <span class='ocrx_word' id='word_1_338' title='bbox 1673 2008 1764 2028; x_wconf 83' lang='lat' dir='ltr'>sanc-</span> 
     </span>
     <span class='ocr_line' id='line_1_33' title="bbox 113 2045 1766 2089; baseline 0.005 -16"><span class='ocrx_word' id='word_1_339' title='bbox 113 2045 220 2074; x_wconf 86' lang='lat' dir='ltr'>torum</span> <span class='ocrx_word' id='word_1_340' title='bbox 256 2048 444 2074; x_wconf 83' lang='lat' dir='ltr'>mereantur</span> <span class='ocrx_word' id='word_1_341' title='bbox 479 2045 539 2075; x_wconf 82' lang='lat' dir='ltr'>frui</span> <span class='ocrx_word' id='word_1_342' title='bbox 576 2046 748 2077; x_wconf 83' lang='lat' dir='ltr'>consortio,</span> <span class='ocrx_word' id='word_1_343' title='bbox 808 2046 850 2076; x_wconf 79' lang='lat' dir='ltr'>Et</span> <span class='ocrx_word' id='word_1_344' title='bbox 889 2057 1083 2088; x_wconf 82' lang='lat' dir='ltr'>quamquam</span> <span class='ocrx_word' id='word_1_345' title='bbox 1121 2059 1178 2089; x_wconf 82' lang='lat' dir='ltr'>pro</span> <span class='ocrx_word' id='word_1_346' title='bbox 1211 2059 1261 2079; x_wconf 90' lang='lat' dir='ltr'>me</span> <span class='ocrx_word' id='word_1_347' title='bbox 1293 2048 1424 2089; x_wconf 86' lang='lat' dir='ltr'>indigno</span> <span class='ocrx_word' id='word_1_348' title='bbox 1455 2060 1491 2079; x_wconf 81' lang='lat' dir='ltr'>ac</span> <span class='ocrx_word' id='word_1_349' title='bbox 1523 2060 1586 2079; x_wconf 89' lang='lat' dir='ltr'>non</span> <span class='ocrx_word' id='word_1_350' title='bbox 1612 2050 1766 2081; x_wconf 78' lang='lat' dir='ltr'>reddente</span> 
     </span>
     <span class='ocr_line' id='line_1_34' title="bbox 114 2095 1766 2138; baseline 0.004 -13"><span class='ocrx_word' id='word_1_351' title='bbox 114 2095 263 2125; x_wconf 86' lang='lat' dir='ltr'>meritum</span> <span class='ocrx_word' id='word_1_352' title='bbox 294 2095 353 2125; x_wconf 85' lang='lat' dir='ltr'>hoc</span> <span class='ocrx_word' id='word_1_353' title='bbox 384 2097 634 2128; x_wconf 81' lang='lat' dir='ltr'>exercuissetis.</span> <span class='ocrx_word' id='word_1_354' title='bbox 667 2108 748 2138; x_wconf 84' lang='lat' dir='ltr'>opus</span> <span class='ocrx_word' id='word_1_355' title='bbox 779 2101 887 2128; x_wconf 87' lang='lat' dir='ltr'>tamen</span> <span class='ocrx_word' id='word_1_356' title='bbox 920 2102 1059 2129; x_wconf 83' lang='lat' dir='ltr'>vestrum</span> <span class='ocrx_word' id='word_1_357' title='bbox 1092 2099 1123 2129; x_wconf 91' lang='lat' dir='ltr'>in</span> <span class='ocrx_word' id='word_1_358' title='bbox 1157 2100 1371 2130; x_wconf 79' lang='lat' dir='ltr'>retributione</span> <span class='ocrx_word' id='word_1_359' title='bbox 1398 2101 1553 2131; x_wconf 79' lang='lat' dir='ltr'>iustorum</span> <span class='ocrx_word' id='word_1_360' title='bbox 1580 2112 1766 2132; x_wconf 87' lang='lat' dir='ltr'>mansurum</span> 
     </span>
     <span class='ocr_line' id='line_1_35' title="bbox 114 2146 1766 2195; baseline 0.005 -19"><span class='ocrx_word' id='word_1_361' title='bbox 114 2146 286 2177; x_wconf 80' lang='lat' dir='ltr'>habebitis.</span> <span class='ocrx_word' id='word_1_362' title='bbox 334 2147 403 2178; x_wconf 81' lang='lat' dir='ltr'>Vos</span> <span class='ocrx_word' id='word_1_363' title='bbox 434 2148 594 2179; x_wconf 83' lang='lat' dir='ltr'>finetenus</span> <span class='ocrx_word' id='word_1_364' title='bbox 631 2149 724 2179; x_wconf 83' lang='lat' dir='ltr'>huius</span> <span class='ocrx_word' id='word_1_365' title='bbox 763 2150 921 2179; x_wconf 83' lang='lat' dir='ltr'>curricula</span> <span class='ocrx_word' id='word_1_366' title='bbox 953 2150 1062 2181; x_wconf 87' lang='lat' dir='ltr'>mundi</span> <span class='ocrx_word' id='word_1_367' title='bbox 1088 2151 1240 2183; x_wconf 88' lang='lat' dir='ltr'>volubilis</span> <span class='ocrx_word' id='word_1_368' title='bbox 1272 2152 1428 2183; x_wconf 82' lang='lat' dir='ltr'>almificus</span> <span class='ocrx_word' id='word_1_369' title='bbox 1468 2153 1619 2194; x_wconf 75' lang='lat' dir='ltr'>dignetur</span> <span class='ocrx_word' id='word_1_370' title='bbox 1652 2164 1766 2195; x_wconf 85' lang='lat' dir='ltr'>regere</span> 
     </span>
     <span class='ocr_line' id='line_1_36' title="bbox 115 2197 1123 2243; baseline 0.006 -15"><span class='ocrx_word' id='word_1_371' title='bbox 115 2197 264 2229; x_wconf 72' lang='lat' dir='ltr'>Christus</span> <span class='ocrx_word' id='word_1_372' title='bbox 292 2203 324 2229; x_wconf 88' lang='lat' dir='ltr'>et</span> <span class='ocrx_word' id='word_1_373' title='bbox 349 2210 367 2230; x_wconf 90' lang='lat' dir='ltr'>a</span> <span class='ocrx_word' id='word_1_374' title='bbox 393 2201 662 2241; x_wconf 86' lang='lat' dir='ltr'>temptationibus</span> <span class='ocrx_word' id='word_1_375' title='bbox 688 2202 814 2242; x_wconf 86' lang='lat' dir='ltr'>cripere</span> <span class='ocrx_word' id='word_1_376' title='bbox 840 2202 1123 2243; x_wconf 81' lang='lat' dir='ltr'>insuperabilibus.</span> 
     </span>
     <span class='ocr_line' id='line_1_37' title="bbox 63 2250 1766 2297; baseline 0.005 -17"><span class='ocrx_word' id='word_1_377' title='bbox 63 2264 88 2283; x_wconf 69' lang='lat'>³5,</span> <span class='ocrx_word' id='word_1_378' title='bbox 220 2250 306 2281; x_wconf 86' lang='lat' dir='ltr'>Pura</span> <span class='ocrx_word' id='word_1_379' title='bbox 330 2251 439 2292; x_wconf 82' lang='lat' dir='ltr'>itaque</span> <span class='ocrx_word' id='word_1_380' title='bbox 465 2252 599 2282; x_wconf 82' lang='lat' dir='ltr'>caritate</span> <span class='ocrx_word' id='word_1_381' title='bbox 626 2253 790 2293; x_wconf 76' lang='lat' dir='ltr'>compellor</span> <span class='ocrx_word' id='word_1_382' title='bbox 813 2254 947 2294; x_wconf 87' lang='lat' dir='ltr'>petitam</span> <span class='ocrx_word' id='word_1_383' title='bbox 970 2256 1191 2296; x_wconf 83' lang='lat' dir='ltr'>responsionis</span> <span class='ocrx_word' id='word_1_384' title='bbox 1210 2256 1381 2297; x_wconf 84' lang='lat' dir='ltr'>epistolam</span> <span class='ocrx_word' id='word_1_385' title='bbox 1400 2256 1620 2287; x_wconf 86' lang='lat' dir='ltr'>fraternitatid</span> <span class='ocrx_word' id='word_1_386' title='bbox 1640 2261 1766 2289; x_wconf 83' lang='lat' dir='ltr'>vestrae</span> 
     </span>
     <span class='ocr_line' id='line_1_38' title="bbox 78 2302 1766 2351; baseline 0.005 -19"><span class='ocrx_word' id='word_1_387' title='bbox 78 2322 80 2325; x_wconf 37' lang='grc' dir='ltr'><strong>ν</strong></span> <span class='ocrx_word' id='word_1_388' title='bbox 116 2302 300 2333; x_wconf 84' lang='lat' dir='ltr'>venerande</span> <span class='ocrx_word' id='word_1_389' title='bbox 324 2303 501 2344; x_wconf 86' lang='lat' dir='ltr'>praebere.</span> <span class='ocrx_word' id='word_1_390' title='bbox 527 2314 589 2333; x_wconf 93' lang='lat' dir='ltr'>non</span> <span class='ocrx_word' id='word_1_391' title='bbox 616 2314 655 2334; x_wconf 88' lang='lat' dir='ltr'>ea</span> <span class='ocrx_word' id='word_1_392' title='bbox 680 2304 834 2335; x_wconf 85' lang='lat' dir='ltr'>videlicet</span> <span class='ocrx_word' id='word_1_393' title='bbox 858 2306 1083 2337; x_wconf 84' lang='lat' dir='ltr'>aestimatione</span> <span class='ocrx_word' id='word_1_394' title='bbox 1110 2307 1159 2338; x_wconf 87' lang='lat' dir='ltr'>vel</span> <span class='ocrx_word' id='word_1_395' title='bbox 1192 2308 1294 2348; x_wconf 84' lang='lat' dir='ltr'>magis</span> <span class='ocrx_word' id='word_1_396' title='bbox 1327 2310 1584 2348; x_wconf 80' lang='lat' dir='ltr'>praesumtione.</span> <span class='ocrx_word' id='word_1_397' title='bbox 1611 2314 1645 2340; x_wconf 88' lang='lat' dir='ltr'>ut</span> <span class='ocrx_word' id='word_1_398' title='bbox 1679 2312 1766 2351; x_wconf 85' lang='lat' dir='ltr'>quic-</span> 
     </span>
     <span class='ocr_line' id='line_1_39' title="bbox 115 2354 1765 2402; baseline 0.005 -19"><span class='ocrx_word' id='word_1_399' title='bbox 115 2364 210 2395; x_wconf 87' lang='lat' dir='ltr'>quam</span> <span class='ocrx_word' id='word_1_400' title='bbox 236 2354 432 2395; x_wconf 82' lang='lat' dir='ltr'>imperitiam</span> <span class='ocrx_word' id='word_1_401' title='bbox 458 2359 602 2386; x_wconf 87' lang='lat' dir='ltr'>nostram</span> <span class='ocrx_word' id='word_1_402' title='bbox 628 2355 746 2387; x_wconf 86' lang='lat' dir='ltr'>docere</span> <span class='ocrx_word' id='word_1_403' title='bbox 772 2356 919 2387; x_wconf 83' lang='lat' dir='ltr'>dicamus</span> <span class='ocrx_word' id='word_1_404' title='bbox 944 2359 1157 2399; x_wconf 83' lang='lat' dir='ltr'>sagacitatem</span> <span class='ocrx_word' id='word_1_405' title='bbox 1178 2364 1329 2393; x_wconf 67' lang='lat' dir='ltr'>vestram,</span> <span class='ocrx_word' id='word_1_406' title='bbox 1356 2360 1412 2390; x_wconf 82' lang='lat' dir='ltr'>scd</span> <span class='ocrx_word' id='word_1_407' title='bbox 1438 2364 1471 2390; x_wconf 89' lang='lat' dir='ltr'>ut</span> <span class='ocrx_word' id='word_1_408' title='bbox 1496 2371 1535 2391; x_wconf 89' lang='lat' dir='ltr'>ne</span> <span class='ocrx_word' id='word_1_409' title='bbox 1561 2363 1681 2402; x_wconf 81' lang='lat' dir='ltr'>putetis</span> <span class='ocrx_word' id='word_1_410' title='bbox 1707 2373 1765 2393; x_wconf 89' lang='lat' dir='ltr'>nos</span> 
     </span>
     <span class='ocr_line' id='line_1_40' title="bbox 116 2405 1765 2453; baseline 0.005 -17"><span class='ocrx_word' id='word_1_411' title='bbox 116 2407 233 2447; x_wconf 84' lang='lat' dir='ltr'>spretis</span> <span class='ocrx_word' id='word_1_412' title='bbox 258 2405 437 2448; x_wconf 84' lang='lat' dir='ltr'>conloquiis</span> <span class='ocrx_word' id='word_1_413' title='bbox 464 2408 599 2438; x_wconf 81' lang='lat' dir='ltr'>iussioni</span> <span class='ocrx_word' id='word_1_414' title='bbox 619 2412 744 2439; x_wconf 81' lang='lat' dir='ltr'>vestrae</span> <span class='ocrx_word' id='word_1_415' title='bbox 771 2409 856 2439; x_wconf 91' lang='lat' dir='ltr'>nolle</span> <span class='ocrx_word' id='word_1_416' title='bbox 883 2411 1014 2441; x_wconf 76' lang='lat' dir='ltr'>servire.</span> <span class='ocrx_word' id='word_1_417' title='bbox 1065 2410 1107 2441; x_wconf 79' lang='lat' dir='ltr'>Ut</span> <span class='ocrx_word' id='word_1_418' title='bbox 1126 2422 1309 2452; x_wconf 74' lang='lat' dir='ltr'>possumuS,</span> <span class='ocrx_word' id='word_1_419' title='bbox 1328 2422 1410 2452; x_wconf 78' lang='lat' dir='ltr'>quac</span> <span class='ocrx_word' id='word_1_420' title='bbox 1430 2413 1538 2453; x_wconf 80' lang='lat' dir='ltr'>petitis</span> <span class='ocrx_word' id='word_1_421' title='bbox 1565 2424 1604 2443; x_wconf 81' lang='lat' dir='ltr'>cx</span> <span class='ocrx_word' id='word_1_422' title='bbox 1630 2414 1765 2444; x_wconf 88' lang='lat' dir='ltr'>aliorum</span> 
     </span>
     <span class='ocr_line' id='line_1_41' title="bbox 115 2457 1767 2506; baseline 0.004 -18"><span class='ocrx_word' id='word_1_423' title='bbox 115 2457 209 2488; x_wconf 86' lang='lat' dir='ltr'>dictis</span> <span class='ocrx_word' id='word_1_424' title='bbox 240 2458 378 2489; x_wconf 83' lang='lat' dir='ltr'>collecta</span> <span class='ocrx_word' id='word_1_425' title='bbox 408 2459 598 2500; x_wconf 77' lang='lat' dir='ltr'>pandamus.</span> <span class='ocrx_word' id='word_1_426' title='bbox 653 2459 808 2490; x_wconf 78' lang='lat' dir='ltr'>Diversas</span> <span class='ocrx_word' id='word_1_427' title='bbox 842 2461 1000 2502; x_wconf 86' lang='lat' dir='ltr'>siquidem</span> <span class='ocrx_word' id='word_1_428' title='bbox 1034 2463 1071 2493; x_wconf 82' lang='lat' dir='ltr'>dc</span> <span class='ocrx_word' id='word_1_429' title='bbox 1111 2464 1297 2504; x_wconf 75' lang='lat' dir='ltr'>questione&#39;³</span> <span class='ocrx_word' id='word_1_430' title='bbox 1328 2474 1422 2504; x_wconf 80' lang='lat' dir='ltr'>quam</span> <span class='ocrx_word' id='word_1_431' title='bbox 1452 2464 1570 2494; x_wconf 79' lang='lat' dir='ltr'>dicitur</span> <span class='ocrx_word' id='word_1_432' title='bbox 1600 2466 1767 2506; x_wconf 78' lang='lat' dir='ltr'>opiniones</span> 
     </span>
     <span class='ocr_line' id='line_1_42' title="bbox 62 2510 1767 2561; baseline 0.004 -19"><span class='ocrx_word' id='word_1_433' title='bbox 62 2524 88 2542; x_wconf 78' lang='lat'>40</span> <span class='ocrx_word' id='word_1_434' title='bbox 116 2510 314 2549; x_wconf 75' lang='lat' dir='ltr'>audivimuS,</span> <span class='ocrx_word' id='word_1_435' title='bbox 339 2510 396 2541; x_wconf 83' lang='lat' dir='ltr'>scd</span> <span class='ocrx_word' id='word_1_436' title='bbox 422 2512 496 2552; x_wconf 66' lang='lat' dir='ltr'>lcgi7</span> <span class='ocrx_word' id='word_1_437' title='bbox 523 2512 637 2548; x_wconf 72' lang='lat' dir='ltr'>fatcor.</span> <span class='ocrx_word' id='word_1_438' title='bbox 663 2512 834 2553; x_wconf 81' lang='lat' dir='ltr'>epistolam</span> <span class='ocrx_word' id='word_1_439' title='bbox 861 2514 942 2543; x_wconf 89' lang='lat' dir='ltr'>miro</span> <span class='ocrx_word' id='word_1_440' title='bbox 968 2514 1006 2544; x_wconf 86' lang='lat' dir='ltr'>‹le</span> <span class='ocrx_word' id='word_1_441' title='bbox 1032 2526 1071 2545; x_wconf 81' lang='lat' dir='ltr'>ca</span> <span class='ocrx_word' id='word_1_442' title='bbox 1097 2515 1188 2561; x_wconf 67' lang='lat' dir='ltr'>niodo</span> <span class='ocrx_word' id='word_1_443' title='bbox 1214 2516 1460 2556; x_wconf 75' lang='lat' dir='ltr'>conipositani¹‚</span> <span class='ocrx_word' id='word_1_444' title='bbox 1487 2527 1570 2556; x_wconf 75' lang='lat' dir='ltr'>quac.</span> <span class='ocrx_word' id='word_1_445' title='bbox 1596 2517 1690 2547; x_wconf 84' lang='lat' dir='ltr'>modo</span> <span class='ocrx_word' id='word_1_446' title='bbox 1717 2529 1767 2549; x_wconf 83' lang='lat' dir='ltr'>me</span> 
     </span>
     <span class='ocr_line' id='line_1_43' title="bbox 116 2562 1767 2608; baseline 0.004 -16"><span class='ocrx_word' id='word_1_447' title='bbox 116 2562 237 2593; x_wconf 85' lang='lat' dir='ltr'>sciente</span> <span class='ocrx_word' id='word_1_448' title='bbox 262 2562 293 2592; x_wconf 88' lang='lat' dir='ltr'>in</span> <span class='ocrx_word' id='word_1_449' title='bbox 321 2567 429 2593; x_wconf 88' lang='lat' dir='ltr'>nostro</span> <span class='ocrx_word' id='word_1_450' title='bbox 457 2564 649 2594; x_wconf 81' lang='lat' dir='ltr'>monasterio</span> <span class='ocrx_word' id='word_1_451' title='bbox 677 2574 739 2594; x_wconf 89' lang='lat' dir='ltr'>non</span> <span class='ocrx_word' id='word_1_452' title='bbox 772 2564 910 2596; x_wconf 82' lang='lat' dir='ltr'>habetur</span> <span class='ocrx_word' id='word_1_453' title='bbox 943 2567 1098 2608; x_wconf 72' lang='lat' dir='ltr'>cuiusque</span> <span class='ocrx_word' id='word_1_454' title='bbox 1124 2572 1290 2597; x_wconf 84' lang='lat' dir='ltr'>auctorem</span> <span class='ocrx_word' id='word_1_455' title='bbox 1325 2568 1453 2608; x_wconf 80' lang='lat' dir='ltr'>penitus</span> <span class='ocrx_word' id='word_1_456' title='bbox 1481 2568 1684 2607; x_wconf 71' lang='lat' dir='ltr'>ignoramus.</span> <span class='ocrx_word' id='word_1_457' title='bbox 1711 2569 1767 2599; x_wconf 81' lang='lat' dir='ltr'>sed</span> 
     </span>
    </p>
   </div>
   <div class='ocr_carea' id='block_1_7' title="bbox 248 2633 343 2634">
    <p class='ocr_par' dir='ltr' id='par_1_9' title="bbox 248 2633 343 2634">
     <span class='ocr_line' id='line_1_44' title="bbox 248 2633 343 2634; baseline 0 0"><span class='ocrx_word' id='word_1_458' title='bbox 248 2633 343 2634; x_wconf 95' lang='lat' dir='ltr'> </span> 
     </span>
    </p>
   </div>
   <div class='ocr_carea' id='block_1_8' title="bbox 64 2674 1768 2867">
    <p class='ocr_par' dir='ltr' id='par_1_10' title="bbox 64 2674 1768 2867">
     <span class='ocr_line' id='line_1_45' title="bbox 218 2674 1409 2711; baseline 0.003 -12"><span class='ocrx_word' id='word_1_459' title='bbox 218 2674 242 2707; x_wconf 68' lang='lat'>¹³)</span> <span class='ocrx_word' id='word_1_460' title='bbox 261 2680 354 2700; x_wconf 81' lang='lat' dir='ltr'>vocant</span> <span class='ocrx_word' id='word_1_461' title='bbox 373 2686 402 2702; x_wconf 75' lang='lat' dir='ltr'>c..</span> <span class='ocrx_word' id='word_1_462' title='bbox 421 2685 487 2701; x_wconf 76' lang='lat' dir='ltr'>corr.</span> <span class='ocrx_word' id='word_1_463' title='bbox 510 2676 619 2701; x_wconf 62' lang='lat' dir='ltr'>Krnsclz.</span> <span class='ocrx_word' id='word_1_464' title='bbox 690 2677 714 2709; x_wconf 84' lang='lat' dir='ltr'>b)</span> <span class='ocrx_word' id='word_1_465' title='bbox 734 2679 846 2709; x_wconf 73' lang='lat' dir='ltr'>seqnitur</span> <span class='ocrx_word' id='word_1_466' title='bbox 866 2680 891 2703; x_wconf 85' lang='grc' dir='ltr'>ιίι</span> <span class='ocrx_word' id='word_1_467' title='bbox 912 2680 965 2703; x_wconf 78' lang='lat' dir='ltr'>cml.</span> <span class='ocrx_word' id='word_1_468' title='bbox 985 2681 1054 2711; x_wconf 67' lang='lat'>(7:111.</span> <span class='ocrx_word' id='word_1_469' title='bbox 1073 2682 1088 2704; x_wconf 92' lang='lat'>1.</span> <span class='ocrx_word' id='word_1_470' title='bbox 1129 2681 1154 2704; x_wconf 90' lang='lat' dir='ltr'>ln</span> <span class='ocrx_word' id='word_1_471' title='bbox 1177 2680 1259 2704; x_wconf 69' lang='lat' dir='ltr'>verbis</span> <span class='ocrx_word' id='word_1_472' title='bbox 1279 2680 1344 2704; x_wconf 87' lang='lat' dir='ltr'>enim</span> <span class='ocrx_word' id='word_1_473' title='bbox 1366 2684 1409 2704; x_wconf 77' lang='lat' dir='ltr'>etc.</span> 
     </span>
     <span class='ocr_line' id='line_1_46' title="bbox 219 2718 1768 2756; baseline 0.005 -14"><span class='ocrx_word' id='word_1_474' title='bbox 219 2718 242 2743; x_wconf 83' lang='lat'>4.</span> <span class='ocrx_word' id='word_1_475' title='bbox 275 2719 431 2749; x_wconf 73' lang='lat' dir='ltr'>²³)Lcmmat</span> <span class='ocrx_word' id='word_1_476' title='bbox 450 2721 625 2752; x_wconf 73' lang='lat' dir='ltr'>Responsio</span> <span class='ocrx_word' id='word_1_477' title='bbox 650 2722 817 2746; x_wconf 77' lang='lat' dir='ltr'>cuiusdam</span> <span class='ocrx_word' id='word_1_478' title='bbox 841 2723 876 2747; x_wconf 80' lang='lat' dir='ltr'>de</span> <span class='ocrx_word' id='word_1_479' title='bbox 902 2724 1144 2755; x_wconf 70' lang='lat' dir='ltr'>septuagesimo</span> <span class='ocrx_word' id='word_1_480' title='bbox 1168 2724 1369 2754; x_wconf 68' lang='lat' dir='ltr'>sexagesimo</span> <span class='ocrx_word' id='word_1_481' title='bbox 1389 2728 1415 2747; x_wconf 73' lang='lat' dir='ltr'>ct</span> <span class='ocrx_word' id='word_1_482' title='bbox 1436 2725 1703 2756; x_wconf 79' lang='lat' dir='ltr'>quinquagesimo</span> <span class='ocrx_word' id='word_1_483' title='bbox 1721 2726 1768 2750; x_wconf 83' lang='lat' dir='ltr'>T*.</span> 
     </span>
     <span class='ocr_line' id='line_1_47' title="bbox 118 2761 1527 2798; baseline 0.004 -13"><span class='ocrx_word' id='word_1_484' title='bbox 118 2761 140 2791; x_wconf 66' lang='lat'>¹³)</span> <span class='ocrx_word' id='word_1_485' title='bbox 161 2765 199 2785; x_wconf 76' lang='lat' dir='ltr'>tffl</span> <span class='ocrx_word' id='word_1_486' title='bbox 218 2761 264 2786; x_wconf 71' lang='lat' dir='ltr'>T*.</span> <span class='ocrx_word' id='word_1_487' title='bbox 336 2767 358 2792; x_wconf 77' lang='lat'>⁰)</span> <span class='ocrx_word' id='word_1_488' title='bbox 378 2763 473 2787; x_wconf 68' lang='lat' dir='ltr'>adletas·</span> <span class='ocrx_word' id='word_1_489' title='bbox 492 2764 556 2788; x_wconf 67' lang='lat' dir='ltr'>enni.</span> <span class='ocrx_word' id='word_1_490' title='bbox 578 2764 654 2788; x_wconf 72' lang='lat' dir='ltr'>Frob.</span> <span class='ocrx_word' id='word_1_491' title='bbox 725 2763 749 2795; x_wconf 61' lang='lat' dir='ltr'>d)</span> <span class='ocrx_word' id='word_1_492' title='bbox 770 2766 789 2789; x_wconf 82' lang='lat' dir='ltr'>ti</span> <span class='ocrx_word' id='word_1_493' title='bbox 807 2774 819 2789; x_wconf 75' lang='lat' dir='ltr'>e</span> <span class='ocrx_word' id='word_1_494' title='bbox 839 2775 904 2790; x_wconf 69' lang='lat' dir='ltr'>corr.</span> <span class='ocrx_word' id='word_1_495' title='bbox 925 2767 948 2790; x_wconf 76' lang='grc' dir='ltr'>ἱιι</span> <span class='ocrx_word' id='word_1_496' title='bbox 970 2768 1023 2791; x_wconf 71' lang='lat' dir='ltr'>lona</span> <span class='ocrx_word' id='word_1_497' title='bbox 1044 2777 1103 2790; x_wconf 61' lang='lat' dir='ltr'>raso</span> <span class='ocrx_word' id='word_1_498' title='bbox 1124 2767 1156 2790; x_wconf 65' lang='lat' dir='ltr'>ab,</span> <span class='ocrx_word' id='word_1_499' title='bbox 1179 2776 1264 2791; x_wconf 75' lang='lat' dir='ltr'>mann.</span> <span class='ocrx_word' id='word_1_500' title='bbox 1336 2768 1358 2796; x_wconf 54' lang='grc' dir='ltr'>υ)</span> <span class='ocrx_word' id='word_1_501' title='bbox 1376 2768 1462 2798; x_wconf 65' lang='grc' dir='ltr'>Γμῐῐυιι</span> <span class='ocrx_word' id='word_1_502' title='bbox 1485 2767 1527 2791; x_wconf 48' lang='grc' dir='ltr'>ΊὟ.</span> 
     </span>
     <span class='ocr_line' id='line_1_48' title="bbox 64 2830 1331 2867; baseline 0.004 -13"><span class='ocrx_word' id='word_1_503' title='bbox 64 2835 89 2854; x_wconf 74' lang='lat'>45</span> <span class='ocrx_word' id='word_1_504' title='bbox 223 2830 247 2861; x_wconf 70' lang='lat' dir='ltr'>l)</span> <span class='ocrx_word' id='word_1_505' title='bbox 270 2830 309 2862; x_wconf 75' lang='lat' dir='ltr'>Cf.</span> <span class='ocrx_word' id='word_1_506' title='bbox 331 2840 414 2863; x_wconf 72' lang='lat' dir='ltr'>szqzm</span> <span class='ocrx_word' id='word_1_507' title='bbox 431 2840 459 2864; x_wconf 70' lang='lat' dir='ltr'>p,</span> <span class='ocrx_word' id='word_1_508' title='bbox 474 2836 522 2856; x_wconf 65' lang='lat'>224</span> <span class='ocrx_word' id='word_1_509' title='bbox 544 2832 633 2857; x_wconf 75' lang='lat' dir='ltr'>Caroli</span> <span class='ocrx_word' id='word_1_510' title='bbox 653 2833 750 2865; x_wconf 47' lang='lat' dir='ltr'>Manui</span> <span class='ocrx_word' id='word_1_511' title='bbox 769 2834 904 2866; x_wconf 62' lang='lat' dir='ltr'>epistotam</span> <span class='ocrx_word' id='word_1_512' title='bbox 925 2836 996 2867; x_wconf 64' lang='lat'><em>(143)</em></span> <span class='ocrx_word' id='word_1_513' title='bbox 1016 2834 1051 2859; x_wconf 77' lang='lat' dir='ltr'>ml</span> <span class='ocrx_word' id='word_1_514' title='bbox 1072 2835 1213 2859; x_wconf 46' lang='lat' dir='ltr'>Almanam.</span> <span class='ocrx_word' id='word_1_515' title='bbox 1233 2835 1331 2860; x_wconf 72' lang='lat' dir='ltr'>(Iulum.</span> 
     </span>
    </p>
   </div>
   <div class='ocr_carea' id='block_1_9' title="bbox 1512 2887 1561 2912">
    <p class='ocr_par' dir='ltr' id='par_1_11' title="bbox 1512 2887 1561 2912">
     <span class='ocr_line' id='line_1_49' title="bbox 1512 2887 1561 2912; baseline -0.02 0"><span class='ocrx_word' id='word_1_516' title='bbox 1512 2887 1561 2912; x_wconf 75' lang='lat'>62*</span> 
     </span>
    </p>
   </div>
  </div>
 </body>
</html>
