2089 3171
59 750 83 769 10

60 1007 84 1025 15

61 1274 87 1294 20

61 1536 86 1556 25

65 1798 90 1817 30

69 2057 93 2077 3⁵

70 2421 96 2439 ⁴0

72 2630 96 2648 ⁴5

76 2845 102 2864 ⁵0

697 183 846 210 ALCVINI
865 183 1072 209 EPISTOLAE.
1109 183 1168 209 ⁶254.
1696 183 1751 211 411

106 276 181 304 sunt
209 275 372 303 amatores
401 271 496 302 huius
526 271 731 313 deceptionis
763 275 794 301 et
823 271 916 311 pauci
949 270 1090 300 cultores
1122 280 1270 300 verarum
1302 268 1500 300 divitiarum.
1532 267 1662 298 dicente
1688 267 1757 307 ipsa
1769 267 1831 297 802
1844 266 1921 297 Mai.
1935 266 1973 295 24

108 325 254 356 veritate:
288 323 391 355 *Multi
421 328 495 354 sunt
518 324 639 354 vocati.
671 323 764 365 pauci
790 332 866 353 vero
897 321 1014 353 electi'.
1061 321 1124 352 Sed
1149 322 1233 352 inter
1262 331 1383 362 paucos
1413 320 1646 351 contendamus
1672 329 1756 351 esse.
1768 326 1924 347 Mutthstssoue.

108 381 143 407 ut
167 377 251 407 inter
275 376 451 407 electorum
477 385 647 406 numerum
670 384 855 405 mereamur
879 373 1038 414 deputari.

213 428 263 459 De
289 428 447 459 canonica
471 428 535 458 vita
560 427 611 458 vel
640 426 783 468 regulari
816 425 1022 456 institutione
1051 423 1128 465 quid
1152 434 1225 454 mea
1249 424 1379 464 ignavia
1403 423 1546 454 scribere
1571 423 1622 453 vel
1649 426 1759 453 vestra

110 481 299 522 occupatio¹
317 480 453 521 implere
476 479 615 521 poterit?
645 478 707 509 Vel
731 477 806 519 quid
830 478 950 508 sanctis
975 476 1153 507 canonibus
1178 475 1298 506 addere
1315 476 1365 506 vel
1389 476 1529 516 regulari
1555 474 1761 506 discretioni³

106 543 179 564 mea
204 532 323 562 sufficit
346 531 508 572 inperitia,
533 530 584 561 vel
608 534 639 560 te
665 529 739 560 inde
764 539 960 560 ammonere.
985 527 1071 558 unde
1095 528 1136 558 ab
1161 528 1297 558 infantia
1322 527 1467 558 eruditus·
1493 527 1604 558 fuisti?

210 583 273 614 Vel
297 583 374 624 quid
404 583 487 613 scire.
513 583 601 613 valet
630 582 668 613 de
701 581 819 612 iudicio
850 579 1034 612 saeeulari2
1058 590 1131 610 mea
1163 579 1324 609 socordia.
1358 579 1442 609 iuter
1471 589 1554 620 quae
1586 588 1760 619 numquam

107 637 176 668 fieri
202 636 311 666 volui?
346 635 484 666 Tamen.
518 635 544 665 si
568 645 641 665 mea
672 633 842 675 diligentia
871 632 993 674 aliquid
1018 631 1092 662 inde
1121 641 1301 672 agnoscere
1332 631 1450 672 poterit
1476 649 1513 652 —
1539 630 1615 661 dum
1641 630 1761 661 certius

109 689 218 720 sciam.
244 687 318 729 quid
344 697 482 729 quaeras
507 685 623 717 exinde
650 704 688 708 —
715 686 825 727 segnis
849 695 913 715 non
939 695 993 715 ero
1019 683 1094 725 quid
1120 683 1258 713 sentiam
1283 682 1466 713 ostendere.

213 739 264 770 De
293 738 471 770 catholicae
501 738 575 769 fidei
601 749 679 769 vero
712 738 838 768 ratione
868 741 1013 778 tempore
1039 740 1194 777 oportuno
1220 734 1328 765 divino
1354 735 1531 775 inspirante
1558 734 1673 775 spiritu
1698 744 1761 764 non

110 803 162 824 me
186 791 311 833 abnego
336 790 457 832 aliquid
487 789 562 822 inde
593 790 800 822 considerare
830 789 1009 821 secundum
1045 787 1275 819 catholicorum
1300 787 1419 828 scripta
1444 790 1571 827 patrum
1597 790 1693 827 atque
1719 785 1759 816 ad

110 847 240 876 vestrae
271 846 483 885 augmentum
513 843 693 874 sanctitatis
728 841 972 874 transscribere.
1026 840 1119 876 Quod
1144 839 1238 871 valde
1270 840 1491 870 necessarium
1523 839 1632 869 multis
1658 837 1762 869 video.

111 896 165 938 qui
194 895 296 936 magis
326 895 506 926 saecularia
530 898 706 936 quaerunt,
731 904 826 935 quam
858 893 1028 935 spiritalia:
1064 893 1264 928 nescientes,
1297 891 1382 933 quod
1411 890 1588 922 secundum
1623 890 1763 932 apostoli

112 947 233 979 dictum
260 947 458 989 ‘inpossibile
484 949 535 978 est
560 947 628 977 sine
654 946 716 977 fide
740 945 812 977 Deo
837 943 989 987 placere'.

214 999 265 1031 De
291 998 490 1031 orationibus
515 1009 592 1030 vero
616 1009 674 1040 pro
698 998 790 1029 vobis
822 997 1009 1028 nullatenus
1034 1007 1107 1028 mea
1132 1007 1223 1027 mens
1249 995 1395 1026 oblivisci
1426 998 1545 1037 potest.
1593 994 1658 1025 Sed
1683 1004 1763 1036 qua-

110 1052 183 1084 dam
208 1052 303 1093 suavi
327 1051 573 1083 reoordationeb
590 1051 622 1081 in
648 1054 824 1092 conspectu
842 1049 904 1080 Dei
929 1053 1006 1080 tuae
1033 1048 1246 1079 beatitudinis
1271 1058 1389 1078 nomen
1415 1047 1503 1078 cordi
1530 1052 1602 1078 meo
1629 1046 1764 1076 infixum

110 1107 221 1142 teneo,
259 1104 400 1134 maximo
430 1105 506 1134 ante
542 1102 747 1144 sepulchrum
785 1101 982 1133 confessoris
1013 1100 1130 1132 Christi
1161 1104 1258 1142 atque
1290 1099 1516 1130 intercessoris
1547 1099 1645 1129 vestri
1678 1098 1765 1129 beati

110 1155 258 1191 Martini;
283 1156 368 1186 inter
390 1154 614 1196 sacrificiaque
639 1157 824 1185 sanctorum
850 1153 971 1184 Christi
996 1152 1203 1184 sacerdotum
1227 1151 1306 1183 illud
1332 1151 1475 1182 scribere
1501 1151 1573 1182 feci.

217 1207 268 1238 De
293 1210 379 1238 statu
403 1217 479 1238 vero
504 1207 699 1238 infirmitatis
730 1216 822 1237 meae
854 1210 886 1237 et
914 1205 1091 1236 voluntatis
1116 1203 1281 1235 Candidus
1313 1214 1404 1234 meus
1432 1203 1490 1234 tibi
1521 1203 1626 1233 omnia
1658 1201 1766 1232 dicere

113 1260 230 1302 potuit.
276 1259 482 1301 Quapropter
511 1259 710 1300 superfluum
743 1262 793 1289 est
822 1257 942 1299 aliquid
967 1257 1040 1289 inde
1073 1257 1229 1288 scribere.
1261 1257 1322 1287 nisi
1351 1256 1410 1287 hoc
1436 1260 1561 1286 tantum
1586 1254 1708 1291 dicere.
1734 1258 1768 1285 ut

113 1313 218 1343 omnis
243 1313 386 1354 corporis
410 1311 476 1343 mei
499 1311 640 1353 dignitas
666 1311 826 1342 recessit³
850 1314 882 1341 et
907 1310 1084 1341 saecularis
1108 1309 1283 1340 delectatio
1309 1308 1422 1350 procul
1446 1308 1584 1349 aufugit.

217 1363 267 1395 De
290 1364 377 1395 bona
401 1363 561 1406 siquidem
586 1364 754 1394 voluntate
780 1363 888 1393 domni
920 1363 1126 1403 imperatoris
1151 1361 1245 1392 valde
1280 1364 1389 1392 certus
1424 1371 1509 1397 sum,
1546 1359 1631 1401 quod
1662 1359 1769 1389 onmia

113 1416 154 1448 ad
185 1415 389 1448 rectitudinis
421 1426 566 1447 normam
595 1416 627 1446 in
658 1426 757 1457 regno
782 1415 844 1445 sibi
870 1426 888 1446 a
912 1414 983 1445 Deo
1009 1413 1084 1445 dato
1110 1413 1236 1455 disponi
1268 1412 1450 1444 desiderat.
1481 1411 1539 1443 sed
1568 1414 1675 1442 tantos
1704 1421 1768 1441 non

114 1468 214 1500 habet
236 1468 380 1500 iustitiae
405 1467 568 1499 adiutores
580 1468 603 1503 4,
628 1471 764 1509 quantos
792 1467 890 1498 etiam
917 1466 1139 1499 subversores.
1165 1476 1225 1496 nec
1250 1468 1356 1496 tantos
1380 1464 1634 1506 praedicatores,
1664 1473 1765 1504 quan-

114 1525 164 1552 tos
190 1520 401 1563 praedatores
414 1521 435 1551 ⁵.
482 1519 567 1556 Quia
590 1520 770 1561 pluriores⁰
796 1522 870 1550 sunt
894 1519 948 1560 qui
972 1529 1031 1549 sua
1055 1517 1242 1549 desiderant
1271 1528 1367 1559 quam
1392 1516 1463 1547 Dei.
1783 1525 1942 1551 l‘hilipp.2,21.

217 1572 288 1604 Tua
311 1583 389 1604 vero
421 1572 578 1603 sanctitas
604 1583 622 1603 a
645 1571 797 1603 neminess
822 1581 956 1602 munera
987 1571 1144 1611 suscipiat
1166 1580 1224 1611 pro
1250 1569 1394 1600 causisssz
1428 1569 1504 1610 quia
1535 1567 1655 1609 optime
1688 1567 1772 1597 nosti

113 1626 145 1656 in
168 1625 242 1667 lege
270 1625 406 1656 dictum:
438 1624 585 1655 ‘Munera
613 1627 795 1654 excaecant
826 1622 923 1654 corda
953 1623 1138 1665 sapientum
1164 1626 1197 1653 et
1222 1622 1413 1653 subvertunt
1437 1620 1537 1651 verba
1563 1618 1924 1651 iustoru1n·⁷.mmm.

115 1677 209 1714 Quod
232 1677 353 1708 malum
378 1677 473 1715 nimie
496 1677 582 1708 inter
607 1676 802 1708 christianos
822 1676 925 1716 viget:
951 1675 1037 1716 quia.
1061 1675 1114 1716 qui
1140 1674 1270 1716 propria
1297 1683 1452 1715 spernere
1477 1673 1638 1709 iubentur,
1664 1671 1771 1702 aliena

115 1740 187 1761 cum
210 1730 380 1771 iniquitate
405 1730 543 1770 rapiunt.
589 1729 662 1760 Hoc
693 1739 769 1760 vero
798 1728 939 1759 maxime
971 1732 1027 1758 tua
1056 1727 1142 1758 bona
1170 1726 1376 1769 providentia
1405 1725 1576 1767 prohibeat
1611 1723 1771 1760 omnibus,

116 1784 192 1813 tuae
218 1781 423 1812 venerandae
449 1781 595 1812 veritatis
617 1781 815 1822 legationem
841 1779 1076 1822 spectantibus

220 1833 358 1865 Munera
382 1843 458 1864 vero
484 1833 669 1864 dilectionis
693 1836 820 1864 vestrae
851 1832 1043 1863 suavissima
1068 1841 1139 1863 cum
1165 1831 1253 1861 omni
1277 1830 1397 1861 mentis
1433 1829 1600 1860 alacritate
1628 1827 1774 1868 suscepi-

117 1896 202 1918 mus,
246 1885 341 1916 Licet
364 1885 483 1916 nullius
508 1895 592 1916 nunc
616 1895 709 1916 mens
734 1895 807 1916 mea
837 1883 1003 1915 desideret
1027 1883 1218 1914 munuscula
1249 1886 1381 1924 propter
1406 1881 1505 1912 animi
1529 1880 1593 1911 mei
1619 1880 1774 1921 requiem,

117 1942 172 1969 tua
195 1941 305 1969 tamen
329 1937 408 1968 mihi
431 1941 505 1968 sunt
529 1948 658 1979 semper
683 1936 806 1967 dulcia.
833 1937 973 1967 maxime
1003 1936 1035 1966 in
1060 1935 1279 1972 vestimentis.
1312 1944 1395 1976 quae
1421 1943 1493 1964 meo
1523 1933 1668 1974 corporie
1693 1931 1770 1961 satis

118 1988 295 2031 oportunas
318 1999 449 2031 semper
471 1990 614 2021 fuerunt.

223 2041 412 2072 Direximus
436 2041 673 2072 benedictionis
699 2041 803 2082 gratia
833 2041 958 2071 caritati
983 2043 1111 2070 vestrae
1137 2038 1221 2069 duog
1245 2037 1385 2080 capitiah
1410 2041 1542 2079 propter
1566 2036 1656 2067 duoss
1679 2045 1774 2076 prae-

121 2096 217 2135 cepta
234 2093 414 2129 caritatis⁸;
440 2098 473 2124 et
496 2104 595 2124 unum
621 2094 778 2134 sagellum
804 2093 913 2124 album
939 2092 1057 2123 subtile
1082 2095 1215 2133 propter
1238 2094 1417 2132 perpetuae
1442 2090 1532 2131 pacis
1557 2087 1774 2119 concordiam.

120 2155 203 2187 quae
228 2155 357 2187 semper
382 2156 446 2176 una
471 2145 584 2176 eadem
609 2144 742 2176 debebit
767 2155 839 2175 esse
865 2145 947 2175 inter
972 2155 1039 2176 nos.

1776 958 1841 978 Hem.
1850 961 1880 978 ιι,
1891 958 1909 976 f..

223 2275 248 2307 ⁸)
261 2276 414 2301 discretione
428 2275 449 2300 S
462 2279 482 2300 1.
555 2274 579 2307 b)
593 2275 760 2300 recordationi
774 2276 795 2299 »δ’
808 2278 827 2299 1.
900 2274 923 2307 c)
938 2275 1023 2308 plures
1037 2284 1101 2299 corr.
1117 2275 1143 2298 in
1156 2275 1281 2307 pluriores
1298 2273 1319 2297 S
1331 2276 1351 2297 1.
1418 2270 1442 2303 (³)
1457 2272 1552 2296 nemini
1568 2270 1587 2295 S
1604 2274 1622 2294 1.
1687 2273 1710 2301 Ρ)
1725 2278 1777 2294 cor-

121 2328 181 2353 pore
200 2320 255 2345 SI.
326 2318 345 2351 s)
365 2323 489 2352 oportune
510 2318 532 2344 S
544 2322 565 2343 1.
638 2317 664 2349 8)
683 2319 733 2343 dua
755 2318 776 2343 S
788 2322 809 2343 1.
880 2318 906 2350 h)
925 2320 1020 2352 capitia
1039 2318 1139 2350 scripsit
1158 2318 1183 2342 J.
1201 2326 1250 2349 pro
1270 2317 1353 2349 capita
1374 2315 1394 2340 S
1408 2319 1428 2340 1.

227 2406 252 2437 1)
277 2404 318 2437 Cf.
338 2404 411 2436 infra
432 2409 495 2430 n.4.
592 2404 618 2435 2)
641 2403 680 2435 Cf.
700 2403 775 2435 *infra
800 2412 826 2429 n.
846 2408 870 2429 4.
965 2405 991 2437 3)
1014 2404 1054 2435 (Υ.
1073 2411 1157 2436 snpra
1182 2411 1209 2435 p.
1226 2405 1295 2428 3⁸¹3:
1324 2401 1419 2427 Omni..-
1450 2400 1535 2433 igitur
1564 2398 1685 2432 corporis
1715 2398 1776 2424 inci.

123 2451 155 2475 ut
178 2457 240 2475 vere
262 2448 363 2477 fateor,
389 2447 513 2481 dignitas
538 2449 565 2472 et
591 2446 726 2473 fortitudo
754 2447 872 2473 recessit.
943 2448 970 2479 4)
989 2447 1110 2472 Annales
1136 2447 1161 2472 S.
1176 2445 1298 2471 Anmndi
1316 2449 1379 2470 «Ἧι-3.·
1406 2444 1496 2469 Ιιιιτιικ
1516 2447 1578 2473 ,51ης
1601 2442 1777 2467 lauresham.

123 2492 181 2525 (SS.
195 2491 217 2524 Ι,
236 2493 281 2524 38)
299 2494 366 2518 802:
385 2511 390 2516 .
411 2511 416 2516 .
437 2490 550 2516 Carolus
573 2489 648 2523 apud
668 2490 756 2523 Aquis
782 2489 918 2523 palatium
938 2510 943 2515 .
964 2511 969 2516 .
990 2511 995 2515 .
1015 2489 1105 2515 noluit
1125 2489 1159 2514 de
1180 2489 1250 2514 infra
1271 2488 1378 2522 palatio
1406 2486 1583 2520 pauperiores
1605 2494 1696 2510 vassos·
1716 2494 1778 2510 suos

123 2535 313 2562 transmittere
332 2534 367 2561 ad
386 2534 509 2560 iustitias
529 2533 686 2559 faciendum
707 2535 849 2567 propter
868 2541 1020 2560 munera:
1040 2533 1087 2559 sed
1107 2533 1193 2566 elegit
1208 2532 1237 2558 in
1251 2540 1336 2565 regno
1354 2529 1404 2556 ‘suo
1425 2529 1647 2562 archiepis-cupos
1668 2530 1695 2553 ct
1716 2528 1778 2553 reli-

124 2587 193 2612 quos
210 2579 354 2612 episcopos
373 2580 401 2604 et
420 2577 536 2603 abbates
549 2586 610 2603 cum
625 2577 740 2603 ducibus
755 2578 783 2602 et
797 2575 953 2606 comitibus.
973 2576 1031 2609 qui
1052 2576 1115 2601 iam
1135 2584 1218 2608 opus
1238 2582 1303 2599 non
1323 2573 1473 2598 albebant
1495 2580 1595 2604 super
1614 2571 1779 2596 innocen-

123 2624 175 2648 tes
198 2630 335 2647 munera
353 2621 524 2654 accipere:
544 2622 571 2645 et
591 2620 665 2653 ipsos
684 2619 761 2645 misit
781 2627 829 2652 per
848 2619 1007 2645 universum
1027 2627 1143 2652 regnum
1164 2627 1257 2644 suum.
1278 2620 1309 2642 ut
1329 2616 1451 2642 crclvsiis
1472 2614 1562 2640 viduis
1583 2617 1609 2640 ct
1629 2613 1732 2639 orfanis
1752 2616 1779 2638 ot

125 2664 294 2698 pauperibus
313 2666 341 2690 et
361 2666 460 2690 cuncto
481 2663 585 2697 populo
605 2663 742 2688 iustitiam
762 2663 898 2693 facerent3
916 2663 950 2694 cf.
964 2663 1115 2695 capitulare
1134 2662 1351 2694 Aqui>3s1171nmtw
1370 2659 1565 2692 ((7111›i!11!.›·ey‚
1583 2658 1681 2683 Franc.
1697 2657 1720 2689 I,
1739 2662 1779 2689 91)

125 2717 146 2734 c.
162 2713 182 2735 1.
220 2708 310 2741 Ipsum
323 2709 460 2734 Arnonem
480 2708 576 2732 scimus
595 2707 647 2732 iam
665 2715 739 2732 αηήο
757 2710 815 2732 1502.
836 2707 864 2731 in
878 2706 999 2731 Bararia
1020 2706 1132 2731 missum
1154 2705 1242 2729 varoli
1262 2703 1427 2736 suipernlmn's
1445 2702 1476 2727 (Ic
1494 2702 1671 2733 caiuplnrilms
1690 2701 1780 2725 causis

126 2751 295 2777 iudicavisse:
314 2751 405 2776 diebus
424 2755 458 2777 15.
472 2750 548 2776 Febr.
562 2750 650 2782 (Mon.
664 2750 747 2775 Boion
767 2750 915 2781 XXVIII,
937 2755 955 2781 1,
975 2754 1025 2781 66),
1046 2754 1080 2775 11.
1097 2749 1182 2779 Iunii,
1197 2753 1219 2773 4.
1235 2747 1352 2780 Auynsti
1365 2745 1553 2778 (Meichellwcl.·
1573 2744 1644 2770 ΗΜ.
1661 2743 1780 2777 Frisiny.

133 2795 159 2821 T.
173 2795 196 2827 I,
212 2798 234 2827 2,
249 2798 281 2821 90
298 2803 324 2820 η.
341 2798 400 2826 1ιὸ;
416 2802 445 2827 p.
458 2797 492 2819 «37
510 2802 535 2819 ιι.
549 2798 604 2825 115;
621 2802 647 2826 [¹-
660 2798 693 2819 &8
713 2802 738 2819 η.
756 2796 813 2825 llb';
828 2802 855 2826 p.
872 2797 907 2819 89
927 2802 951 2819 η.
969 2797 1028 2825 117).
1044 2793 1069 2818 J,
1102 2793 1140 2823 (Υ.
1153 2799 1235 2824 supra
1252 2799 1278 2823 p.
1295 2794 1338 2815 1451
1358 2798 1383 2815 ιι.
1398 2794 1420 2814 2.
1493 2789 1519 2819 5)
1541 2788 1579 2819 (If.
1598 2796 1680 2820 supra
1695 2796 1723 2820 p.
1740 2792 1780 2813 leil

126 2842 187 2864 ¹11.:3.
258 2840 283 2867 (5)
306 2838 343 2869 Os]
358 2846 383 2863 η.
398 2843 420 2864 -1.
497 2837 523 2869 ἶ)
544 2836 668 2862 Eundem
696 2844 794 2862 rersum
818 2837 925 2869 saepius
949 2835 1055 2867 laudat,
1083 2836 1116 2866 cf.
1130 2843 1211 2867 snpra
1231 2843 1276 2867 111¹-
1289 2837 1344 2859 312.
1358 2837 1410 2866 3ΙρΑ
1481 2834 1506 2861 ὅ)
1529 2832 1569 2863 (γ’.
1583 2839 1666 2864 snpra
1683 2840 1711 2864 Ρ.
1729 2834 1780 2856 124.

1526 2884 1576 2909 52*
