2089 3171
691 160 837 186 ALCVTNI
857 160 1064 187 EPISTOLAE.
1101 163 1125 188 3.
1145 162 1169 189 4.
1718 167 1757 197 29

207 245 380 284 Unuuona,
404 245 639 287 Legorensium
665 248 837 289 episcopus
850 249 870 283 ¹,
896 249 1083 290 subscripsi.
1771 253 1841 283 786.
1861 253 1920 284 787

207 297 391 328 Alchardus
417 297 613 340 episcopus2
639 299 825 341 subscripsi.

207 349 434 381 Eadberhtus³
459 350 656 392 episcopus³
682 351 866 393 subscripsi.

207 401 467 432 Chunibrectusb
493 402 688 444 episcopus4
712 403 898 446 subscripsi.

51 458 62 476 ⁵
206 453 391 484 Harchelus
416 454 609 495 episcopus⁵
635 454 824 496 subscripsi.

206 505 310 537 Aeine
336 506 532 548 episeopus⁶
557 506 742 548 subscripsi.

207 557 290 588 Tota
314 557 508 599 episcopus⁷
534 557 722 600 subscripsi.

205 608 455 640 Uuaremundus
480 610 652 652 episcopus
669 610 680 628 Β
705 610 889 653 subscripsi.

204 660 429 692 Adahnondus
455 662 654 704 episcopus⁹
679 663 867 705 subscripsi.

50 725 73 744 ιο
206 712 379 744 Adoredus
405 713 617 755 episcopus¹⁰
642 715 830 757 subscripsi.

203 764 387 796 Edihardus
413 765 527 797 abbas.

202 816 405 848 Alcmundus
430 818 543 850 abbas.

202 869 394 901 Boduuinus
420 870 532 903 abbas.

201 921 278 952 Utel
304 922 414 953 abbas.

47 989 71 1008 15
202 973 329 1005 Brorda
353 974 459 1005 duxll
485 975 612 1016 signum
639 979 748 1015 sancte
773 977 877 1008 crucis
903 977 1089 1019 subscripsi.

201 1025 383 1057 Eatbaldus
408 1026 475 1058 dux
501 1027 686 1070 subscripsi.

199 1076 397 1109 Bertoaldus
423 1079 489 1110 dux
514 1080 703 1122 subscripsi.

200 1129 362 1162 Otbaldus
388 1141 496 1162 comes
522 1132 711 1174 subscripsi.

198 1384 354 1416 Alcvinus
379 1382 545 1425 Rz'culfum
573 1383 861 1424 Illoyuntiacensem
890 1385 1156 1425 arehiepiscopwn
1181 1385 1282 1416 multa
1307 1384 1451 1416 admonet
1478 1385 1603 1424 eiusque
1634 1385 1754 1416 litteras

44 1448 69 1468 20
96 1439 230 1476 exoptat.
1516 1438 1552 1476 (c.
1579 1438 1667 1477 787.)

201 1496 262 1523 God.
281 1497 312 1522 H
327 1496 373 1529 fol.
393 1500 465 1523 18-
478 1498 542 1523 18¹³.

198 1539 268 1566 Edd.
290 1539 319 1565 F
337 1544 390 1573 181,
410 1540 435 1567 J
451 1543 491 1566 12.
504 1555 535 1559 -—
551 1540 643 1574 Miyne
662 1541 707 1568 col.
727 1544 780 1568 356.

475 1620 675 1645 DAMOETE¹²
694 1621 872 1645 PISCATORI
892 1621 1015 1646 MAGNO
1036 1621 1183 1645 ALBINUS
1203 1621 1373 1645 SALUTEM.

198 1670 261 1706 Qui
285 1671 376 1702 iuxta
402 1681 490 1702 mare
516 1670 664 1702 Galileae
690 1671 843 1713 gradiens
867 1672 1071 1713 piscantibus
1104 1672 1227 1713 pariter
1250 1671 1404 1702 fratribus
1430 1670 1597 1712 praecepit
1621 1669 1749 1701 dicens:

42 1733 67 1752 25
96 1723 227 1755 ‘Venite
253 1727 324 1765 post
348 1734 415 1761 me,
451 1723 566 1754 faciam
591 1734 646 1754 vos
676 1723 746 1754 fieri
770 1724 949 1765 piscatores
974 1722 1161 1761 hominum'„
1192 1724 1262 1765 ipse
1292 1727 1322 1754 te
1347 1723 1378 1753 in
1403 1723 1520 1764 pelago
1546 1722 1640 1752 huius
1665 1723 1750 1753 vitae
1762 1713 1915 1765 ἓξὲξξὴξῂθ

92 1776 296 1808 laborantem
327 1775 366 1806 ad
391 1779 519 1817 portum
550 1779 729 1817 perpetuae
759 1776 877 1817 quietis
906 1787 978 1806 cum
1008 1777 1178 1818 multiplici
1208 1775 1328 1807 laboris
1359 1775 1403 1805 tui
1435 1774 1540 1805 fructu
1572 1774 1750 1816 perducere

92 1828 254 1869 dignetur.
313 1827 406 1858 Mitte
436 1832 505 1858 rete
540 1828 572 1858 in
602 1827 769 1858 dexteram
799 1828 936 1869 navigii,
975 1832 1009 1858 ut
1044 1828 1083 1859 de
1109 1827 1267 1870 profundo
1302 1827 1395 1857 huius
1426 1826 1547 1857 saeculi
1576 1827 1883 1868 iinplcatur1·›h.21,s.

92 1881 219 1922 magnis
259 1880 417 1922 piscibus7
454 1890 588 1920 quorum
627 1880 758 1910 nomina
791 1880 972 1910 scribantur
1007 1881 1039 1910 in
1075 1880 1184 1911 caelis.
1241 1879 1315 1910 Non
1351 1883 1382 1909 te
1416 1882 1537 1909 terreat
1570 1879 1750 1920 procellosa

93 1935 283 1974 tempestas,
308 1941 404 1973 quam
429 1931 589 1962 Dominus
614 1932 865 1974 supergradiens
891 1933 985 1963 siccis
1011 1931 1150 1963 calcavit
1173 1931 1309 1974 pedibus
1338 1935 1369 1961 et
1394 1931 1524 1961 Petrum
1549 1934 1748 1971 mergentem
1762 1921 1914 1969 ³¹³t*¹{·1{⁴‘²⁵'

42 1992 67 2011 3ο
94 1984 224 2024 pietatis
263 1984 380 2014 intuitu
418 1983 577 2025 respexit,
618 1987 654 2014 ut
689 1984 792 2014 trinae
834 1984 1016 2024 negationis
1054 1984 1215 2014 maculam
1255 1984 1357 2014 trinae
1395 1982 1609 2013 confessionis
1649 1982 1751 2023 gloria

91 2036 241 2067 dilueret.
287 2035 452 2067 Memento
486 2035 668 2066 Salomonis
698 2040 907 2077 praeceptum
940 2035 1093 2066 dicentis:
1124 2034 1367 2076 ‘Quodcumque
1398 2045 1510 2065 manus
1540 2038 1594 2064 tua
1623 2034 1749 2075 operari
1762 2042 1852 2067 Eos-is,
1869 2045 1900 2063 ιο.

90 2088 202 2129 possit,
227 2088 388 2118 instanter
411 2097 557 2128 operare,
584 2088 659 2128 quia
684 2098 747 2118 non
772 2092 822 2118 est
847 2098 926 2129 opus
945 2088 996 2118 vel
1021 2088 1100 2118 ratio
1126 2088 1212 2129 apud
1237 2086 1378 2126 infer-os',
1405 2087 1435 2117 id
1461 2090 1510 2117 est
1535 2087 1566 2117 in
1589 2086 1748 2127 sepulcre,

90 2150 152 2181 quo
178 2150 253 2171 caro
278 2142 440 2181 properat.

195 2192 243 2223 Sit
278 2191 336 2222 tibi
372 2201 484 2222 manus
521 2191 553 2222 in
589 2191 786 2233 elemosynis
823 2196 952 2233 aperta,
989 2192 1099 2233 lingua
1135 2193 1166 2222 in
1198 2191 1451 2234 praedicationis
1483 2191 1589 2221 officio
1621 2190 1748 2220 devota.

39 2251 64 2270 ³5
92 2243 258 2274 Memento
282 2242 458 2274 Dominum
485 2243 663 2274 dicentem:
696 2244 829 2285 ‘Aperib
855 2254 890 2275 os
916 2248 1005 2274 tuum
1030 2248 1061 2274 et
1094 2255 1154 2285 ego
1178 2244 1318 2286 implebo
1343 2242 1442 2274 illud'.
1491 2242 1562 2273 Sint
1592 2242 1648 2272 tibi
1677 2252 1747 2271 cum
1760 2254 1839 2279 pseu,
1856 2258 1885 2275 11⁴

91 2297 178 2326 omni
203 2294 380 2326 sobrietate
406 2295 564 2334 convivia,
589 2295 730 2327 Domino
756 2297 993 2338 praecipiente:
1027 2295 1226 2333 ‘Adtendite‚
1252 2307 1292 2327 ne
1317 2300 1494 2338 graventur
1519 2294 1617 2325 corda
1642 2297 1748 2324 vestra
1760 2306 1853 2331 ruo-21,
1868 2307 1901 2326 34.

89 2347 123 2378 in
155 2347 286 2390 crapula
316 2352 348 2379 et
372 2346 554 2380 ebrietate’.
606 2348 654 2378 Sit
686 2359 800 2379 manus
825 2349 963 2380 dextera
995 2348 1126 2390 saepius
1152 2348 1352 2389 evangelicis
1378 2352 1512 2379 onerata
1536 2346 1678 2388 paginis,
1714 2349 1748 2376 ut

191 2478 214 2508 ³²)
236 2479 396 2504 Fadberthus
417 2478 443 2504 O.
533 2478 555 2508 b)
577 2479 765 2504 Chumbrectus
787 2479 814 2504 C.

189 2522 214 2546 4.
251 2522 275 2553 a)
295 2521 413 2547 Lemma:
433 2522 476 2546 Ad
495 2523 660 2547 Riculfum
680 2523 964 2556 archiepiscopum
983 2528 1193 2556 cognomento
1213 2524 1396 2548 Damoetam
1417 2523 1452 2548 II.
1524 2522 1548 2553 ι1)
1568 2523 1649 2547 dilata
1674 2522 1747 2553 Vuly.

35 2608 61 2627 40
193 2590 218 2622 1)
231 2598 269 2623 ep.
283 2589 472 2616 Leicestrensis
492 2594 593 2616 781—0.
608 2594 665 2616 802.
737 2592 763 2623 2]
779 2591 975 2617 Elmhamensis
990 2594 1126 2618 786-811.
1197 2592 1224 2623 3)
1238 2591 1440 2617 Londiniensis.
1511 2592 1538 2619 4)
1555 2590 1749 2616 Clmniberhtus

86 2641 123 2667 ep.
141 2633 329 2659 Vintmzz'ensis.
409 2634 436 2665 5)
463 2633 655 2659 Heardraedus
681 2642 719 2667 ep.
745 2634 942 2660 Dmnnocensis
965 2635 1132 2668 (Dunwich).
1212 2636 1238 2667 6)
1259 2637 1357 2667 Aesim,
1384 2634 1459 2660 Esne
1477 2642 1517 2668 ep.
1536 2633 1748 2666 Hercsordcnsis.

87 2678 113 2711 7)
138 2685 176 2710 ep.
201 2676 365 2702 Seolesiensis
388 2676 510 2710 (selsey).
598 2678 625 2710 8)
651 2686 691 2711 ep.
720 2678 861 2710 Roffensis
952 2680 977 2709 9)
999 2679 1185 2705 Aetlaelmodus
1208 2687 1244 2711 cp.
1270 2678 1488 2704 scireburnensis
1507 2686 1528 2704 c.
1552 2681 1597 2704 773
1613 2685 1673 2703 —c.
1696 2680 1747 2703 793.

87 2721 132 2754 10)
162 2720 336 2746 Hathoredns
360 2728 399 2753 ep.
426 2720 609 2747 Hwi'ccio‘rum
628 2721 852 2755 (Wiyorniensis)
877 2725 963 2748 781-
978 2726 1033 2748 798.
1141 2723 1182 2750 11)
1216 2722 1320 2748 Brcrda
1340 2722 1503 2747 Merciorum
1533 2721 1660 2755 princeps
1684 2721 1748 2746 obiit

86 2773 112 2790 a.
126 2767 178 2791 799.
197 2764 232 2796 cf.
251 2764 363 2790 Simeon.
377 2763 502 2790 Dmaelm.
520 2764 579 2790 hist.
598 2773 650 2798 ref).
670 2765 704 2790 ad
722 2765 747 2791 h.
767 2774 792 2791 a.
808 2774 836 2798 p.
848 2770 889 2791 62.
963 2767 1004 2794 12,
1019 2766 1129 2791 Praeter
1143 2766 1286 2791 Alcvimcm
1304 2765 1468 2797 leeodnlfzcs
1482 2774 1585 2799 quoque
1603 2764 1748 2797 Ricnlfsmn

34 2819 60 2839 45
86 2807 134 2834 hoc
153 2808 306 2842 cognomine
324 2810 403 2833 ornat
423 2808 464 2839 (cf.
483 2808 552 2834 Poet.
576 2808 663 2834 carol.
683 2809 705 2842 1,
726 2812 775 2835 492
793 2817 813 2835 v.
835 2813 873 2836 57.
893 2812 944 2842 53),
964 2809 1034 2842 qaod
1053 2810 1154 2842 ecloyae
1171 2809 1277 2843 Vergilii
1296 2809 1386 2834 tertiae
1403 2808 1519 2835 debetur.
