2089 3171
53 704 77 722 10

52 1190 75 1209 15

50 1475 75 1494 20

51 1733 76 1753 25

53 1994 78 2013 3⁰

54 2565 80 2583 40

55 2797 80 2817 45

653 143 801 170 ALCVIXI
820 142 1029 170 EPISTOLAE.
1069 145 1124 170 128.
1148 145 1203 171 129.
1698 146 1751 176 191

206 231 241 262 Si
273 231 349 272 quid
380 236 466 271 ego⁸
497 231 659 272 superflue
694 231 726 261 in
764 230 810 260 his
841 231 922 261 meis
953 231 1105 262 litterulis
1140 231 1327 273 dictaremb.
1363 236 1419 262 tua
1454 236 1565 262 sancta
1599 232 1757 273 patientia
1791 231 1851 260 797

102 282 255 323 benigne.
281 281 428 320 obsecro.
453 283 622 324 suscipiat:
646 293 705 314 nec
729 282 806 313 mihi
832 282 985 313 scribenti
1011 283 1166 324 inputetc.
1193 283 1249 314 sed
1274 283 1332 314 tibi
1355 283 1480 314 iubenti
1496 283 1653 324 iniungat.
1688 283 1757 314 Nec

105 344 165 374 ego
188 333 469 375 praesumptiosad
492 333 678 365 temeritate
703 333 770 374 egi.
801 333 857 364 sed
884 333 995 363 humili
1021 333 1266 367 oboedientiae:
1298 333 1521 373 considerans,
1551 334 1627 375 quid
1651 334 1759 364 multis

102 385 260 427 proficere
285 386 461 427 potuisset,
495 385 563 416 sive
588 386 682 426 culpa
708 384 811 416 esset5
834 385 902 415 sive
926 395 991 416 non
1016 385 1124 416 essetf
1146 386 1177 415 in
1202 386 1289 426 fuga.
1335 385 1474 416 Tamen.
1508 390 1663 427 quantum
1688 395 1758 416 mea

105 436 234 467 devotio
253 436 458 468 considerare
476 438 590 478 potuit.
614 437 729 467 melius
755 440 803 467 est
828 447 867 468 ea
884 436 1001 473 faeere,
1027 447 1109 478 quae
1128 437 1261 468 suadeo.
1287 447 1382 478 quam
1401 438 1581 468 omitteress.
1621 437 1760 468 Omnino

103 488 285 520 affectuosa
317 489 453 519 caritate
484 498 670 519 ammoneo.
706 492 742 518 ut
765 489 925 519 instanter
949 488 1119 530 praedices
1145 488 1279 519 verbum
1303 488 1365 519 Dei
1393 507 1429 511 —
1456 489 1514 519 hoc
1544 492 1593 520 cst
1618 489 1759 520 officium

103 543 212 578 tuum,
236 540 318 571 haec
342 551 466 572 merces
491 545 563 577 tua.
588 541 640 571 hic
664 540 787 571 fructus
812 541 929 582 operis.
954 540 1034 572 haec
1059 540 1254 571 sacerdotiih
1279 540 1420 581 dignitas
1442 541 1512 571 laus
1538 544 1569 571 et
1592 541 1695 571 honor
1719 559 1759 562 —

103 596 263 634 quatenus
295 592 465 633 multiplici
500 593 621 623 laboris
652 593 759 623 fructu
797 593 828 622 in
858 596 1037 633 conspectu
1067 592 1186 622 domini
1218 592 1281 623 Dei
1314 593 1362 622 sui
1394 600 1550 634 appareat
1581 597 1613 623 et
1643 592 1758 633 dignus

103 643 275 675 efficiaturi
299 643 550 675 desiderabilem
575 644 687 675 audire
712 654 841 675 vocem:
875 643 978 685 ‘Euge
1003 655 1097 675 serve
1121 644 1204 674 bone
1230 652 1262 674 et
1286 643 1401 675 fidelis.
1433 645 1507 685 quia
1533 655 1632 686 super
1655 654 1924 685 paucaiiaiztmmi.

105 695 193 726 fuisti
216 695 332 733 fidelis.
356 706 453 737 supra
477 695 577 726 multa
603 700 634 727 te
659 696 869 727 constituam:
893 696 977 726 intra
1002 696 1032 726 in
1058 696 1210 736 gaudium
1235 695 1357 726 domini
1382 695 1444 726 Dei
1468 695 1534 727 tui'.

209 746 425 788 Omnipotens
449 746 538 777 Deus
567 748 798 788 paternitatem
823 750 964 778 vestram
995 747 1035 778 ad
1061 748 1295 778 exaltationem
1328 751 1458 778 sanctae
1491 757 1569 778 suae
1602 747 1760 777 ccclesiae

103 799 134 830 in
160 799 247 830 omni
271 807 368 839 opere
393 798 540 839 perfecto
566 799 788 840 multipliciter
811 799 926 829 florere
952 800 1059 830 faciat.
1086 799 1290 830 sanctissime
1316 803 1418 840 pater.

900 1014 967 1043 129.

205 1074 360 1105 Alco-mus
380 1073 627 1105 Ccmtzmrienses
651 1073 838 1110 cohortatur,
862 1075 897 1103 111¹
919 1073 1164 1104 Aetlwllaeardnm
1189 1072 1452 1111 archiryaeismqmm
1478 1074 1614 1103 fra-occul
1637 1073 1762 1111 viasque

101 1126 232 1157 consilio
249 1125 470 1165 perturbatum
494 1126 581 1165 requi
604 1127 717 1156 statum
743 1125 896 1164 reficiant.
1604 1126 1673 1155 795.

209 1185 289 1212 Godd.
309 1185 340 1211 H
356 1186 404 1217 sol.
419 1188 535 1217 66-67‘,
554 1185 596 1211 S]
614 1185 828 1217 sol.·.100—2O2‘.

207 1228 279 1255 Edd.
299 1229 330 1255 F
337 1233 376 1261 59,
398 1228 519 1254 Haddcm
539 1228 595 1253 and
614 1228 709 1253 Siubbs
731 1228 853 1254 Comicils
874 1228 928 1260 ΙΙΙ,
950 1232 1087 1260 509-511,
1108 1227 1179 1254 ,1εοῖ
1200 1243 1230 1246 η
1254 1227 1347 1260 alique
1366 1228 1414 1253 col.
1434 1232 1488 1253 241⁴.

194 1317 411 1342 NOBILISSIME
430 1318 534 1341 GENTI
554 1317 597 1341 ET
616 1317 751 1342 FOPULO
771 1317 959 1341 LAUDABILI
980 1305 1030 1340 ET*
1043 1316 1156 1340 REGNO
1176 1317 1355 1340 IMPERIALL
1375 1316 1669 1340 ‹‘AN'1'L'A}:1()1:L'M³

576 1361 722 1385 HUMILIS
742 1360 868 1384 LEVITA
889 1358 1106 1384 ALCHVINUSb
1126 1360 1296 1384 SALUTEM.

206 1411 316 1443 Vestri
342 1411 467 1443 decoris
492 1415 524 1442 et
547 1416 674 1443 vestrae
700 1411 814 1442 salutis
840 1411 933 1442 valde
960 1410 1106 1452 cupidus.
1132 1410 1190 1441 has
1215 1421 1337 1451 paucas
1354 1410 1536 1441 litterulasc
1560 1409 1600 1440 ob
1630 1410 1761 1440 nimiam

103 1468 231 1495 vestrae
263 1464 490 1506 prosperitatis
520 1463 726 1494 dilectionem
755 1464 786 1494 in
819 1473 988 1494 commune
1014 1463 1105 1493 vobis
1139 1462 1279 1503 dirigere
1311 1463 1432 1493 curavi.
1478 1462 1547 1492 Vos
1572 1473 1649 1493 vero
1675 1463 1760 1503 prin-

101 1515 221 1557 cipium
257 1516 371 1547 salutis
406 1516 606 1557 Anglorum.
650 1516 777 1546 initium
813 1515 1055 1557 prosperitatis.
1096 1518 1208 1556 portus
1245 1515 1450 1545 intrantium.
1491 1514 1644 1555 triumphi
1680 1514 1761 1545 laus.

102 1568 282 1609 sapientiae
307 1568 411 1609 origo:
437 1572 470 1599 et
494 1579 512 1598 a.
532 1568 623 1598 vobis
648 1566 798 1609 imperii‘¹
823 1571 969 1608 potestas
993 1567 1096 1608 prima
1122 1566 1283 1607 processit
1309 1570 1340 1596 et
1364 1565 1439 1596 fidei
1464 1565 1645 1596 catholicae
1671 1566 1761 1606 origo

102 1622 216 1650 exorta
244 1622 304 1650 est.
343 1619 441 1661 Apud
466 1630 522 1650 vos
545 1620 725 1650 clarissima.
748 1619 869 1650 lumina
887 1618 1107 1649 Brittaniae²¹
1125 1618 1345 1659 requiescunt.
1370 1628 1428 1659 per
1445 1628 1524 1659 quos
1542 1617 1599 1648 lux
1615 1617 1762 1648 veritatis

101 1680 160 1712 per
188 1674 290 1702 totam
314 1671 507 1702 Brittaniam
533 1671 674 1703 emicuit.
722 1670 778 1701 Inf
801 1670 893 1701 vobis
919 1665 1098 1711 utrumque'
1117 1674 1148 1700 et
1172 1669 1419 1711 philosophicae
1445 1669 1637 1710 disciplinae
1662 1669 1762 1700 decus

104 1722 235 1754 emicuit
264 1726 296 1754 et
323 1733 435 1755 sacrae
466 1724 633 1765 religionis
664 1723 795 1754 claritas
829 1722 960 1753 effulsit.
1007 1721 1045 1752 In
1070 1721 1161 1752 vobis
1187 1731 1261 1752 vero
1288 1721 1419 1752 fuerunt
1443 1722 1537 1752 simul
1564 1726 1595 1751 et
1620 1721 1761 1762 religiosi

102 1774 253 1806 doctores
279 1775 524 1807 ecclesiasticae
550 1776 625 1807 fidei
651 1779 683 1807 et
708 1769 940 1816 sapientissimi
965 1774 1151 1815 principesg
1176 1773 1295 1814 regalis
1319 1773 1496 1814 dignitatis.
1523 1777 1554 1803 et
1572 1773 1629 1803 viri
1655 1773 1761 1803 fortis-

103 1826 175 1857 simi
205 1827 239 1857 in
268 1827 353 1858 bello
383 1832 416 1858 et
440 1828 608 1858 iustissimi
638 1828 670 1858 in
704 1826 848 1857 iudiciis:
885 1836 1009 1856 morum
1039 1825 1208 1856 nobilitate
1245 1825 1424 1866 conspicui.
1463 1825 1603 1855 consiliis
1628 1824 1762 1866 providi.

102 1878 222 1920 pietate
255 1879 453 1917 laudabiles.
490 1880 573 1911 facie
604 1879 827 1910 honorabiles.
861 1877 952 1908 vultu
977 1877 1182 1908 venerabiles
1216 1882 1247 1907 et
1279 1877 1365 1907 omni
1397 1876 1555 1917 dignitate
1581 1876 1762 1907 clarissimi.

102 1929 218 1961 Haeoh
241 1941 314 1965 vos.
339 1931 399 1962 viri
424 1932 670 1973 sapientissimi.
696 1931 728 1961 in
753 1930 869 1972 quibus
894 1929 988 1960 modo
1017 1929 1152 1960 Cantiae
1178 1928 1277 1960 decus
1303 1929 1460 1959 consistit.
1486 1928 1660 1969 diligenter
1686 1939 1760 1959 con-

106 1981 257 2019 siderate.
283 1986 315 2014 et
339 1983 452 2024 longas
478 1984 703 2014 successiones
728 1982 1002 2013 nobilissimorum
1028 1984 1198 2022 parentum
1215 1984 1396 2012 vestrorum
1420 1981 1545 2011 imitare
1564 1980 1760 2012 studemini&

206 2033 316 2065 Primo
334 2035 489 2067 omnium.
514 2035 568 2076 qui
592 2035 624 2066 in
643 2035 782 2066 ecclesia
800 2033 923 2064 Christi
941 2032 1014 2064 Deo
1033 2033 1228 2063 deserviant.
1254 2032 1379 2063 discant
1397 2033 1577 2073 diligenter.
1603 2032 1761 2074 quomodo

102 2084 174 2116 Deo
198 2086 369 2127 placeant,
394 2087 552 2128 quomodo
577 2087 672 2118 fidem
699 2086 907 2117 catholicam.
933 2095 1028 2127 quam
1054 2085 1193 2126 primum
1218 2084 1367 2115 doctores
1392 2085 1493 2115 nostri
1519 2085 1549 2114 in
1576 2085 1620 2115 eis
1645 2084 1760 2115 funda-

103 2141 230 2175 verunt⁷
256 2138 404 2170 obtinere
427 2139 563 2169 firmiter
587 2142 619 2170 et
634 2137 824 2180 praedicare
842 2137 982 2168 valeant.
1018 2136 1101 2172 Quia
1126 2137 1307 2178 ignorantia
1332 2137 1561 2178 scripturarum
1579 2136 1763 2177 ignorantia

103 2188 167 2220 Dei
196 2192 262 2225 est;
297 2193 329 2221 et
358 2191 532 2221 sit-aecus
565 2201 697 2222 caecum
721 2190 823 2222 ducit.
861 2189 980 2220 cadunt
1005 2189 1099 2220 ambo
1134 2189 1166 2219 in
1192 2188 1335 2220 foveam:
1371 2193 1403 2219 et-
1432 2195 1562 2219 econtra
1589 2187 1760 2218 multitudo

107 2241 303 2283 sapientium
327 2242 414 2273 salus
439 2246 490 2273 est
512 2242 634 2284 populi.
674 2242 837 2273 Adducite
861 2241 952 2272 vobis
980 2241 1129 2272 doctores
1159 2244 1191 2272 et
1215 2241 1392 2282 magistros
1413 2247 1544 2271 sanctae
1571 2240 1760 2281 scripturae.

104 2303 145 2324 ne
170 2293 211 2324 sit
235 2293 321 2335 apud
345 2304 402 2325 vos
427 2294 537 2335 inopia
561 2294 649 2325 verbi
674 2294 751 2325 Dei.
782 2298 836 2326 aut
861 2294 953 2325 vobis
977 2293 1106 2325 desintk
1130 2294 1184 2335 qui
1208 2294 1363 2335 populum
1388 2293 1451 2324 Dei
1477 2303 1591 2333 regere
1616 2292 1762 2324 valeant:

105 2356 145 2377 ne
169 2345 242 2376 fons
266 2346 412 2377 veritatis
437 2346 469 2376 in
494 2346 584 2376 vobis
610 2346 816 2378 exsiccetur‘.
857 2346 967 2377 Nolite
993 2357 1049 2377 vos
1075 2350 1187 2376 contra
1212 2345 1477 2376 consuetudinem
1503 2344 1760 2375 ecclesiasticam

105 2397 373 2428 vestimentorum
406 2398 550 2428 vanitate
579 2398 726 2429 ornare?
763 2397 821 2428 sed
850 2397 993 2428 moribus
1024 2408 1081 2427 vos
1119 2396 1280 2427 ostendite
1318 2396 1443 2426 nobiles
1482 2401 1512 2425 et
1546 2400 1692 2428 ornatos.
1729 2399 1762 2425 ct

1772 2184 1849 2205 Matdi.
1857 2187 1887 2205 15.
1896 2188 1926 2204 1⁴.

1773 2211 1823 2236 Sup-
1837 2213 1856 2232 6.
1872 2213 1904 2231 2⁴3.

208 2511 233 2543 ὃ)
257 2520 318 2544 ergo
343 2511 377 2541 Η,
405 2511 453 2535 Τ*.
559 2510 584 2541 b)
608 2511 757 2536 dictaverim
783 2511 807 2534 A
820 2510 858 2534 1*.
966 2510 987 2539 c)
1013 2511 1120 2542 imputet
1149 2510 1196 2540 Tf,
1216 2510 1291 2534 ,11¹5
1397 2508 1422 2533 (ἲ)
1448 2513 1660 2541 praesumptuosa
1687 2509 1709 2532 A
1722 2507 1761 2532 1'‘.

108 2555 132 2586 ⁸)
152 2555 312 2580 oboedientia
332 2554 355 2578 A
368 2553 410 2579 1²³.
493 2553 517 2583 f)
538 2555 627 2579 fuisset
646 2554 669 2578 A
682 2553 722 2578 1*.
810 2554 836 2583 ἓ)
856 2554 972 2578 amittere
993 2554 1050 2583 :1:3,
1075 2553 1120 2577 T*.
1210 2552 1234 2582 ¹¹)
1254 2553 1391 2577 sacerdotis
1412 2551 1434 2575 A
1447 2554 1474 2578 2:
1502 2552 1661 2576 sacerdotum
1682 2550 1761 2575 211*¹

106 2598 124 2630 i)
144 2608 210 2624 corr.
229 2599 256 2622 in
276 2599 313 2623 tui
332 2606 458 2630 appareas
478 2606 498 2622 e.
518 2599 541 2622 d.
561 2598 680 2622 efficiaris
699 2598 722 2622 A
736 2596 778 2622 1*.

211 2640 268 2666 129.
314 2641 339 2672 ξι>
362 2641 578 2665 Cantuuariorum
599 2641 620 2666 S
632 2645 652 2665 1.
739 2639 763 2671 b)
790 2640 902 2664 Alchuin
923 2639 962 2664 H.-
990 2638 1055 2665 Alch
1077 2638 1097 2663 S
1111 2643 1128 2663 1.
1218 2638 1241 2668 c)
1269 2638 1391 2663 litterulas
1412 2639 1431 2661 ‚S
1443 2641 1460 2661 1.
1551 2636 1575 2662 d,
1601 2638 1689 2670 imperi
1710 2637 1732 2662 S
1741 2640 1761 2662 1.

105 2683 130 2717 ι3)
145 2693 211 2709 corr.
232 2684 258 2709 in
278 2685 434 2709 Brittanicae
455 2684 496 2711 IL*
516 2684 639 2708 Brittania
660 2683 682 2708 S
692 2687 711 2708 1.
790 2682 813 2714 f)
838 2684 866 2707 In
885 2695 919 2700 —
937 2683 1041 2707 emicuit
1060 2690 1107 2706 om.
1130 2681 1164 2706 II.
1242 2685 1266 2711 8¹)
1284 2681 1406 2713 principis
1422 2673 1447 2705 'S
1459 2684 1477 2705 1.
1550 2679 1574 2709 ΙΙ)
1589 2681 1645 2705 Hae
1660 2680 1695 2706 II.
1709 2680 1730 2705 S
1741 2684 1760 2705 1.

106 2726 124 2759 i)
143 2728 275 2753 studimini
296 2727 317 2752 S
328 2730 347 2751 1.
419 2725 444 2757 k)
463 2727 528 2751 desit
548 2726 569 2751 S
581 2730 599 2751 1.
671 2725 690 2757 l)
711 2727 823 2751 exsietur
843 2725 876 2750 H.

213 2787 238 2819 1)
261 2787 300 2818 Cf.
319 2794 403 2819 snpra
418 2794 446 2819 1).
462 2790 510 2812 150
527 2786 575 2811 lin.
588 2789 627 2812 33.
732 2786 758 2817 2¹³
780 2785 820 2817 Cf.
839 2793 925 2818 supra
942 2793 968 2817 p.
983 2788 1035 2811 191,
