2089 3171
689 185 836 212 ALCVINI
856 185 1067 212 EPISTOLAE.
1105 187 1162 213 296.
1687 191 1747 219 455

203 273 341 304 Missas³
367 284 494 315 quoque
527 274 650 316 aliquas
681 273 720 304 de
753 278 862 304 nostro
893 273 949 304 tuli
980 274 1128 305 missalel
1159 274 1199 304 ad
1232 274 1392 305 cotidiana
1423 283 1452 305 ct
1484 275 1747 306 aecclesiasticae
1761 276 1959 305 ‹xviiiss'sot

100 324 342 355 consuetudinis
368 325 484 356 officia:
511 326 612 367 primo
636 326 666 356 in
691 325 813 356 honore
839 335 1048 366 summaeque
1074 325 1261 356 Trinitatis:
1292 326 1410 358 deinde
1437 330 1621 357 sanctorum
1648 327 1748 357 inter-

103 375 269 407 cessiones
293 375 527 418 deprecandas.
555 378 651 408 etiam
677 380 708 407 et
733 376 922 417 angelorum
948 376 1103 417 suffragia
1128 377 1338 418 postulanda,
1364 389 1445 420 quae
1472 379 1608 409 multum
1634 389 1747 410 neces-

102 427 187 458 saria
211 432 284 458 sunt
309 429 339 459 in
364 428 424 459 hac
449 428 708 470 peregrinatione
735 427 968 459 laborantibus.
1017 427 1137 459 Postea
1162 434 1294 460 sanctae
1320 429 1382 460 Dei
1407 430 1575 471 genitricis
1601 441 1747 472 semper-

64 492 75 509 ⁵
103 489 165 520 que
189 479 322 520 virginis
347 479 471 512 Mariae
495 481 628 511 missam
654 479 933 522 superaddidimus
959 490 1017 521 per
1041 479 1109 511 dies
1133 480 1277 522 aliquos.
1305 482 1329 512 si
1355 483 1404 512 cui
1430 483 1603 524 placuerit.
1629 482 1747 513 decan-

101 530 245 561 tandam:
271 541 396 562 necnon
420 536 452 562 et
469 532 572 563 sancti
590 531 734 562 Vedasti.
761 532 859 573 patris
879 531 977 562 vestri
996 536 1027 562 et
1044 533 1235 573 protectoris
1254 534 1363 564 nostri.
1389 534 1586 565 dictavimus
1605 535 1748 565 missam.

99 582 251 623 quatinus
280 583 365 614 illius
395 583 562 615 familiaris
595 583 762 615 advocatio
794 584 1025 625 sempiternum
1057 584 1121 614 suis
1157 584 1389 615 famulantibus
1423 586 1554 616 afferret
1587 586 1748 617 solatium.

99 632 162 664 Pro
187 635 331 675 peccatis
363 646 490 677 quoque
523 640 555 666 et
585 636 794 667 elemosinam
824 635 1016 666 facientibus
1047 635 1277 666 adiunximusb
1309 637 1488 668 orationes.
1523 638 1689 678 quatinus.
1722 638 1748 668 si

100 685 171 726 quis
197 686 246 716 vel
271 697 328 728 pro
353 688 418 717 suis
451 687 668 728 neglegentiis
702 687 751 717 vel
784 698 840 729 pro
872 687 1008 718 aliorum
1042 687 1221 718 benefactis
1253 688 1370 719 offerre
1402 689 1577 720 voluisset.
1612 690 1749 721 haberet

48 747 72 765 ιο
100 738 332 769 convenientes
355 739 606 770 intercessiones
625 750 702 770 suae
720 739 887 770 voluntati.
926 739 1076 769 Arbitror
1094 749 1150 769 vos
1168 740 1284 770 melius
1304 740 1382 771 haec
1401 741 1505 771 onmia
1524 742 1574 772 vel
1592 742 1622 772 in
1641 752 1748 773 sacra-

97 790 216 820 mentis
234 791 350 821 vestris
373 791 555 832 conscripta
581 791 629 822 vel
654 792 684 821 in
711 791 945 822 consuetudine
963 791 1123 822 cotidiana
1148 791 1280 823 habere.
1321 792 1455 824 Tamen.
1482 803 1520 824 ne
1539 793 1748 824 inoboediens

97 844 224 873 vestrae
257 853 364 874 essem
390 842 569 877 dilectioni.
605 844 719 885 scripsi
748 843 833 885 quod
865 843 946 874 nos2
976 844 1007 874 in
1037 842 1272 875 consuetudine
1303 844 1461 875 habemus
1491 850 1521 875 et
1553 845 1643 876 vobis
1674 856 1747 887 pro-

97 893 214 924 ficuum
231 904 303 925 esse
320 895 445 936 putavi3
471 895 646 926 obsecrans
664 900 804 926 vestram
823 895 1044 926 venerabilem
1061 896 1250 928 almitatem.
1275 902 1309 926 ut
1326 897 1388 928 mei
1406 898 1542 927 nominis
1560 898 1748 928 memoriam

97 945 257 984 habeatis
282 947 332 978 vel
356 947 440 978 inter
464 947 522 978 has
541 947 591 978 vel
616 947 700 978 inter
721 947 800 977 alias
819 950 946 977 vestrae
970 947 1150 978 sanctitatis
1176 948 1439 979 intercessiones.
1480 949 1523 979 L‘t
1541 960 1616 980 vere
1637 950 1748 980 fateor.

47 1008 70 1026 1⁵
97 997 230 1028 multam
259 998 364 1030 habeo
395 999 545 1030 fiduciam
574 1000 605 1030 in
632 1000 748 1030 vestris
777 999 897 1029 sanctis
923 999 1122 1030 orationibus
1147 1000 1187 1030 ad
1220 1001 1468 1042 promerendam
1498 1002 1748 1033 misericordiam

97 1048 228 1093 domini¹
245 1051 344 1081 nostri
369 1050 444 1082 Iesu
469 1050 598 1083 Christi.
645 1051 706 1086 Qui
734 1062 789 1082 vos
821 1050 981 1082 custodiat
1006 1055 1037 1081 et
1061 1052 1091 1082 in
1117 1052 1201 1082 omni
1226 1052 1370 1083 bonitate
1395 1054 1551 1094 proficere
1577 1054 1687 1084 faciat.
1718 1059 1749 1085 et

97 1102 258 1133 orationes
284 1106 407 1134 vestras
433 1103 590 1134 exaudire
615 1103 765 1144 dignetur
783 1104 832 1134 vel
859 1114 914 1145 pro
932 1104 1074 1134 vivorum
1093 1104 1198 1134 salute
1218 1105 1268 1135 vel
1294 1115 1349 1146 pro
1370 1105 1574 1137 morientium
1593 1106 1748 1147 profectu.

199 1154 268 1185 Vos
298 1165 390 1190 vero,
422 1155 481 1186 viri
511 1156 641 1193 fratres,
676 1156 706 1186 in
731 1156 854 1186 unitate
885 1156 1028 1186 caritatis
1053 1156 1187 1187 firmiter
1213 1162 1400 1198 permanete
1434 1163 1465 1188 et
1494 1158 1525 1188 in
1557 1158 1749 1190 humilitatis

97 1206 303 1238 oboedientia
336 1207 485 1238 sollerter
511 1207 670 1240 adsistite.
718 1207 802 1238 Iste⁰
826 1211 876 1239 est
904 1207 1004 1239 honor
1029 1212 1138 1239 vester
1166 1219 1273 1239 coram
1298 1208 1499 1240 hominibus:
1534 1210 1596 1240 ista
1621 1214 1671 1241 est
1695 1211 1747 1241 via

46 1270 70 1289 20
98 1262 207 1289 vestra
231 1258 271 1289 ad
296 1269 432 1300 regnum
456 1259 528 1290 Dei.
574 1259 612 1290 In
637 1260 687 1291 his
718 1261 801 1291 enini
833 1260 1017 1291 mercedem
1043 1272 1062 1292 a
1085 1260 1156 1292 Deo
1181 1271 1312 1303 sperare
1338 1261 1480 1293 debetis:
1513 1262 1554 1293 ad
1578 1262 1637 1293 hos
1663 1263 1749 1294 enim

97 1310 342 1342 sanctissimosd
366 1312 528 1342 tramites.
555 1313 700 1343 seniores
727 1313 779 1354 qui
805 1316 894 1343 sunt.
921 1313 1065 1343 iuniores
1090 1312 1261 1344 deducant.
1310 1312 1469 1355 Corripite
1495 1324 1551 1344 eos
1577 1315 1608 1344 in
1634 1315 1748 1356 spiritu

96 1362 355 1394 mansuetudinis
380 1368 412 1394 et
436 1363 521 1395 bona
545 1364 608 1395 illis
632 1364 786 1406 praebete
805 1364 965 1406 exempla.
991 1370 1035 1399 ut.
1062 1365 1179 1396 vestris
1198 1365 1411 1396 sanctissimis
1430 1366 1576 1407 vestigiis
1597 1366 1748 1397 inheren-

98 1418 158 1453 tes,
183 1415 281 1446 vitam
307 1415 471 1446 vobiscum
496 1417 527 1446 in
547 1415 676 1448 Christo
702 1417 933 1458 sempiternam
960 1416 1080 1448 habere
1106 1421 1302 1448 mereantur.
1344 1416 1529 1449 Saeculum.
1555 1418 1640 1460 quod
1658 1429 1747 1460 spre-

99 1466 202 1505 vistis,
226 1467 327 1498 nolite
345 1478 518 1509 quaerere:
543 1469 671 1510 saepius
697 1480 768 1500 cum
794 1469 955 1511 propheta
972 1469 1202 1500 decantantes:
1228 1469 1365 1500 ‘Inclina
1389 1480 1444 1500 cor
1467 1481 1574 1502 meum
1601 1471 1632 1501 in
1657 1471 1796 1502 testi-1¹..
1813 1486 1857 1502 m.
1875 1484 1905 1501 ως.

44 1532 68 1550 :¹⁵
97 1519 205 1550 monia
229 1522 293 1550 tua.
318 1522 350 1550 et
373 1529 437 1550 non
463 1520 494 1550 in
519 1519 711 1551 avaritiam‘.
751 1519 857 1550 Radix
883 1521 966 1551 enim
994 1521 1137 1551 omnium
1162 1521 1319 1552 malorum
1345 1521 1505 1563 cupiditas
1532 1526 1589 1553 est.
1630 1522 1749 1554 Melius
1762 1533 1907 1555 1.Tim.·3.11·.

97 1573 146 1602 est
163 1571 248 1602 enim
265 1570 372 1602 Deum
390 1571 512 1603 habere
535 1572 566 1602 in
588 1571 684 1603 corde
708 1583 804 1614 quam
822 1583 970 1603 nummos
995 1573 1025 1603 in
1051 1573 1189 1604 sacculo.
1229 1573 1393 1604 Lectionis
1412 1585 1523 1605 sacrae
1543 1574 1650 1605 studia
1667 1575 1750 1606 inter

94 1622 223 1654 labores
241 1623 468 1654 oboedientiae
487 1628 614 1655 vestrae
633 1623 879 1665 diligentissime
899 1628 1062 1657 exercete.
1088 1625 1134 1655 ita
1155 1629 1190 1655 ut
1208 1626 1259 1656 vel
1281 1636 1361 1667 opus
1381 1626 1430 1657 vel
1449 1626 1577 1657 libellus
1596 1627 1626 1657 in
1645 1627 1748 1657 mani-

94 1674 155 1706 bus
180 1685 309 1716 semper
333 1674 482 1706 videatur
506 1677 636 1706 vestris:
666 1676 761 1717 quia3
786 1677 816 1706 in
842 1676 932 1706 libris
958 1676 1079 1707 sanctis
1104 1676 1193 1707 Deus
1219 1677 1362 1719 loquitur
1385 1677 1425 1708 ad
1452 1678 1628 1713 hominem.
1661 1684 1693 1709 et
1718 1679 1749 1709 in

96 1726 296 1758 orationibus
322 1728 387 1758 suis
412 1727 507 1758 homo
532 1727 674 1769 loquitur
698 1727 738 1758 ad
756 1727 872 1758 Deum.
918 1727 1002 1762 Quid
1020 1727 1146 1758 dulcius
1169 1727 1267 1759 debet
1285 1739 1368 1760 esse.
1395 1740 1489 1771 quam
1507 1729 1613 1760 Deum
1637 1729 1748 1760 audire

43 1790 69 1808 ³0
96 1779 303 1820 loquentem?
343 1779 381 1810 In
405 1780 454 1811 his
480 1780 564 1811 enim
590 1788 622 1811 et
646 1780 762 1811 solatia
787 1784 939 1822 peccator
964 1784 995 1810 et
1020 1780 1138 1821 gaudia
1161 1780 1350 1812 benefactor
1374 1782 1529 1812 inveniet.
1577 1781 1667 1813 Sicut
1693 1782 1747 1812 lux

96 1831 249 1862 laetificat
273 1832 399 1862 oculos.
432 1832 476 1863 ita
500 1832 597 1863 lectio
623 1832 729 1863 corda.
777 1831 966 1863 Custodiam
993 1833 1055 1863 oris
1071 1831 1255 1874 diligenter
1279 1833 1463 1865 observate.
1504 1834 1631 1866 Verba.
1663 1845 1746 1876 quae

95 1882 136 1914 ad
159 1883 418 1915 aedificationem
443 1884 651 1916 audientibus
676 1885 809 1922 faciant,
842 1895 971 1925 semper
995 1884 1152 1925 proferte.
1188 1886 1263 1926 quia
1287 1885 1425 1916 aliorum
1451 1887 1539 1917 salus
1565 1892 1673 1917 vestra
1698 1892 1747 1917 est

93 1934 270 1967 retributio.
317 1935 405 1967 Laus
431 1935 559 1967 Domini
584 1946 712 1978 semper
741 1940 834 1967 sonet
866 1936 896 1966 in
929 1947 982 1967 ore
1012 1940 1137 1968 vestro.
1171 1937 1300 1969 dicente
1330 1938 1504 1979 propheta:
1537 1938 1746 1970 'Benedicam
1759 1946 1836 1970 13:³³,
1849 1950 1867 1966 2-

94 1987 269 2019 Dominum
299 1988 330 2019 in
360 1989 445 2019 omni
475 1993 636 2030 tempore.
670 1999 798 2030 semper
827 1989 897 2019 laus
929 1989 997 2019 eius
1028 1989 1057 2019 in
1087 1999 1141 2020 ore
1172 1988 1270 2021 me0“:
1305 1993 1337 2020 et
1368 1990 1501 2021 iterum:
1534 1990 1875 2021 Sacrificiummww.

43 2048 66 2067 ³⁵
95 2040 200 2071 laudis
225 2040 447 2071 honorificavit
471 2051 538 2071 me:
562 2041 626 2071 illic
651 2041 721 2071 iter.
747 2051 810 2081 quo
835 2040 1003 2071 ostendam
1029 2041 1075 2071 illi
1100 2042 1242 2072 salutare
1267 2041 1352 2074 Dei'.

198 2091 345 2124 Necdum
377 2092 471 2127 mihi.
504 2093 666 2123 karissimi
698 2093 831 2123 fratres.
867 2093 1006 2123 occurrit
1034 2097 1161 2135 tempus
1194 2093 1336 2125 dictandi
1368 2094 1554 2125 omeliarcm
1586 2095 1744 2126 ammoni-

96 2144 216 2175 tionem
227 2144 250 2178 4.
275 2144 331 2175 sed
350 2145 416 2175 vita
438 2145 564 2175 comite.
591 2145 713 2185 Spiritu
737 2149 849 2175 saneto
874 2145 1062 2186 inspirante.
1088 2156 1149 2176 non
1169 2157 1224 2176 ero
1245 2146 1414 2176 immemor
1433 2147 1598 2187 petitionis
1618 2152 1745 2177 vestra(-

95 2201 128 2226 et
151 2197 372 2238 promissionis
396 2208 498 2228 meae.

198 2247 315 2278 Divina
333 2259 390 2279 vos
413 2248 586 2279 clementia
607 2249 637 2278 in
660 2249 745 2279 omni
770 2248 913 2279 bonitate
938 2249 1053 2280 florere
1077 2254 1109 2280 et
1132 2251 1289 2291 proficere
1307 2251 1414 2281 faciat.
1440 2252 1555 2281 fratres
1574 2251 1743 2281 karissimi.

42 2310 68 2328 ιο
94 2300 199 2331 Amen
212 2301 232 2331 ⁵.

196 2450 220 2479 ²)
239 2450 319 2475 Missa
338 2459 404 2474 corr.
419 2450 512 2474 Missas
526 2458 545 2473 c.
619 2449 641 2472 bl
661 2449 806 2473 adjuximus
827 2458 892 2473 corr.
907 2449 1012 2473 adiuux.
1027 2458 1046 2472 r.
1119 2450 1141 2480 θ)
1162 2467 1167 2472 .
1183 2467 1187 2472 .
1203 2454 1239 2473 ste
1259 2459 1277 2472 c.
1354 2448 1378 2471 ‘ll
1400 2450 1445 2473 lias
1466 2469 1471 2472 .
1486 2469 1490 2473 .
1508 2468 1513 2473 .
1533 2451 1705 2474 sanctissimas
1725 2460 1744 2473 «κ

199 2501 223 2533 l)
242 2500 299 2526 sinc
318 2499 399 2526 dubio
416 2499 447 2525 de
466 2500 566 2525 missali
584 2499 650 2525 libro
665 2499 692 2525 S.
706 2498 823 2524 Mamm*
839 2499 1007 2524 Turonensis,
1061 2500 1087 2524 *ll
1112 2498 1284 2524 Turonensis.
1338 2500 1364 2524 3»
1386 2499 1421 2530 (ΥΣ
1436 2507 1517 2531 supra
1534 2501 1653 2532 11..37;›l.
1669 2504 1745 2526 7-·9;

94 2547 144 2569 429
163 2544 179 2570 l.
192 2547 265 2570 6—8.
353 2544 379 2569 4>
399 2542 506 2576 Scripsit
521 2545 613 2576 postca
634 2542 764 2568 Mer-inus
788 2541 858 2567 hanc
881 2542 1105 2568 adhortationem
1117 2542 1159 2567 ‘ad
1180 2542 1329 2568 imitanda>-
1351 2542 1467 2568 virtutes
1487 2544 1512 2567 S.
1530 2542 1654 2569 vedasti.
1679 2552 1746 2576 quac

92 2586 188 2619 legitur
206 2586 237 2611 in
251 2586 359 2612 Alci-ini
377 2594 437 2619 opp.
456 2585 491 2611 ed.
512 2585 539 2611 F
539 2585 658 2610 robenius
680 2585 716 2617 ΙΙ,
734 2588 866 2611 172—17’4.
938 2586 964 2611 5·
986 2586 1116 2611 ›S'ccmzlur
1136 2585 1162 2610 ιἰι
1182 2585 1267 2611 codiee
1292 2585 1434 2611 Veciastmo
1455 2594 1541 2611 versus
1560 2586 1644 2611 (Poet.
1660 2586 1744 2611 Carol.

42 2635 65 2653 45
95 2629 122 2661 I,
142 2632 205 2660 30&
230 2628 277 2655 SS.
300 2629 384 2661 XLII,
402 2632 459 2660 706)
483 2628 523 2653 his·
543 2628 696 2660 praemissis
720 2629 812 2653 serbis:
839 2629 872 2654 ln
898 2629 1069 2654 aecclesia
1097 2630 1121 2653 S.
1141 2628 1274 2654 vedasti
1305 2629 1336 2653 in
1362 2629 1497 2661 parieti³
1522 2629 1744 2655 scribendum.

95 2673 217 2706 Quarum
238 2673 438 2705 iriswe'ptionwn
460 2672 565 2697 initium
582 2672 630 2697 hoc
647 2675 696 2697 cst:

508 2715 581 2741 Haec
601 2715 698 2741 (lomus
717 2715 791 2741 alin-a.
810 2716 858 2741 Dei
879 2715 996 2741 flammis
1015 2715 1218 2749 crepitantibus
1238 2714 1302 2740 olim

559 2758 633 2784 Arsit
655 2760 682 2784 et
702 2759 730 2784 in
749 2758 854 2785 cineres
874 2760 934 2785 tota
953 2758 1065 2785 redacta
1084 2758 1148 2783 ruit.

510 2802 562 2826 sm!
582 2802 732 2827 miserante
752 2802 807 2827 Deo
828 2803 913 2828 Rado.
936 2801 1100 2828 venerabilis
1121 2801 1200 2826 abba.

41 2851 66 2871 so
564 2845 726 2870 Construxit
746 2845 843 2870 melius
863 2854 893 2870 an·
914 2845 1057 2871 renovavit
1078 2853 1145 2869 cam.
