2089 3171
675 166 822 193 ALCVINI
843 165 1051 192 EPlS'I'OLAE.
1089 168 1146 192 25⁴2.
1167 168 1224 193 253.
1710 169 1764 197 441

226 254 296 285 Non
329 254 498 295 permittas
535 255 696 284 ullatenus
733 254 890 284 vanitates
923 254 1189 284 vestimentorum
1230 263 1261 284 et
1297 255 1495 284 luxoriantcs
1528 254 1702 285 ebrietates
1741 258 1771 284 ct

126 305 313 337 libidinosas
338 306 520 347 voluptates
546 307 577 336 in
603 310 634 336 te
660 305 710 337 vel
735 306 765 336 in
791 306 854 336 tuis
879 305 1046 336 dominare
1077 306 1248 336 fratribus:
1281 306 1336 336 sed
1363 307 1471 337 omnia
1496 311 1604 337 vestra
1629 306 1769 346 regulari

126 358 344 388 moderamine
369 358 448 388 fiant
471 358 503 388 in
528 358 610 388 cibo.
637 362 724 399 potu.
751 358 955 388 vestimento.
982 365 1013 387 et
1039 358 1200 388 castitate.
1243 357 1282 388 Et
1306 358 1389 388 sicut
1414 362 1448 388 tu
1466 358 1586 399 primus
1610 358 1641 388 in
1666 357 1770 398 digni—

125 415 208 445 tate.
234 410 275 440 ita
301 409 420 450 primus
447 414 515 440 esto
542 410 571 440 in
597 410 695 440 totius
721 409 875 440 bonitatis
902 409 1159 439 conversatione.
1208 409 1290 444 Quid
1320 410 1379 440 erit
1403 409 1442 440 de
1467 420 1582 450 grege.
1614 409 1639 439 si
1664 412 1772 450 pastor

86 473 96 490 s
127 461 275 492 oberrat?
314 460 443 491 Sanitas
477 462 585 501 gregis
611 466 641 491 ct
667 461 906 502 multiplicatis).
939 461 1042 501 gloria
1069 464 1101 491 et
1125 471 1250 491 merces
1275 469 1324 491 est
1348 462 1497 502 pastoris.
1545 460 1618 491 Xon
1643 465 1674 491 te
1701 471 1770 492 car-

124 513 209 543 nalia
240 512 417 553 decipiant.
443 512 500 543 sed
525 513 683 554 spiritalia
712 512 866 543 exaltent.
913 511 992 543 Esto
1024 512 1156 543 lucerna
1185 512 1217 543 in
1247 512 1341 543 domo
1365 512 1445 543 Dei.
1477 518 1509 543 et
1534 513 1564 543 in
1590 513 1675 543 omni
1700 513 1771 543 loco

126 564 225 595 forma
250 564 372 594 salutis.
413 564 532 606 Angeli
557 575 643 595 vero.
669 565 838 595 visitantes
865 563 971 594 officia
996 563 1219 594 ecclesiast-ica
1244 567 1276 594 et
1301 574 1400 605 opera
1424 565 1586 594 fraternae
1611 565 1771 594 unanimi-

125 616 216 648 tatis.
248 620 278 647 te
304 627 379 647 vero
404 617 435 647 in
461 617 572 658 primis
605 620 760 647 stantem.
798 617 829 646 in
855 615 965 657 primis
991 620 1196 657 operantem.
1229 616 1260 646 in
1292 616 1403 657 primis
1434 616 1691 647 intercedentem
1716 627 1772 658 pro

125 669 243 710 populo
279 668 454 699 christiano
491 668 683 699 omnimodis
714 668 891 698 inveniant.
944 667 1015 698 Non
1049 672 1079 698 tc
1113 668 1265 709 specialia
1297 668 1365 698 auri
1391 668 1438 698 vel
1471 668 1596 709 argenti
1630 668 1771 709 pondera

77 731 100 749 lo
129 720 300 762 decipiant.
326 720 383 751 sed
408 720 569 761 generalis
595 724 626 751 et
651 724 763 750 sancta
793 719 995 750 conversatio
1021 719 1091 750 Deo
1124 719 1297 750 amabilem
1328 719 1477 750 efficiant.
1527 719 1576 749 Sit
1601 719 1772 750 thesaurus

127 776 201 802 tuus
226 772 365 803 ecclesia
389 776 421 803 et
446 776 634 803 ornamenta
658 772 760 802 illius.
787 782 847 802 non
874 772 971 802 archa
997 771 1184 812 singularis:
1216 781 1256 802 ne
1282 771 1414 801 damnet
1439 775 1470 801 te
1496 775 1550 801 tua
1575 771 1773 802 conscientia

1807 253 1974 283 793—801

125 824 298 855 habentem
329 823 414 865 quod
446 824 566 856 habere
592 835 655 855 non
680 823 816 855 debeas:
854 834 893 854 ne
918 823 1044 854 dicatur
1067 823 1141 854 tibi:
1167 822 1314 854 ’Medica
1341 833 1417 853 cura
1442 821 1672 864 temetipsum'.
1712 823 1911 853 VelLu‹:.4.-23.

125 875 285 917 quomodo
319 876 400 907 alios
434 875 554 907 doceas
590 887 673 918 quae
709 880 741 906 tu
778 876 846 917 ipsc
883 886 945 906 non
983 875 1086 906 facis?
1136 874 1236 906 Error
1271 875 1357 906 vitae
1393 874 1513 905 claudit
1549 886 1584 904 os
1618 875 1773 915 magistri.

125 927 243 958 Melius
269 932 318 959 est
341 932 372 958 te
397 927 503 958 Deum
529 927 649 959 habere
676 928 706 958 in
732 927 831 958 archa
855 927 975 960 cordis.
1009 938 1105 968 quam
1130 938 1243 958 aurum
1268 927 1299 957 in
1324 927 1421 957 archa
1446 926 1570 958 cubilis.
1619 927 1774 957 Confusio

76 991 98 1009 ιδ
127 984 177 1010 est
200 980 287 1010 vitae
311 984 386 1011 tuae
411 979 529 1021 digitos
553 991 632 1011 auro
665 979 790 1010 radiare
804 980 824 1010 ¹.
859 980 974 1010 collum
1007 979 1110 1010 siricis
1140 989 1256 1010 ornarc
1282 980 1500 1010 vestimentis:
1536 985 1627 1010 ornet
1664 984 1775 1020 pectus

125 1036 214 1062 tuum
251 1032 413 1063 orarium²
450 1032 643 1063 sanctitatis.
680 1042 742 1062 non
779 1031 884 1062 inanis
921 1031 1186 1062 vestimentorum
1222 1031 1340 1061 cultus.
1398 1030 1516 1061 Melius
1553 1035 1602 1061 est
1635 1031 1776 1061 animam

125 1084 298 1116 virtutibus
322 1084 478 1119 decorari,
504 1095 598 1126 quam
624 1095 738 1126 corpus
763 1083 912 1115 coloratis
939 1083 1083 1114 vestibus
1109 1083 1227 1114 ornari.

231 1135 364 1177 Cogita,
399 1147 494 1178 quam
526 1137 619 1178 pauci
652 1136 707 1166 tibi
739 1136 903 1177 supersint
933 1135 1017 1166 dies:
1052 1135 1102 1166 vcl
1135 1146 1230 1176 quam
1264 1135 1401 1176 longeva
1435 1135 1650 1177 prosperitate
1683 1134 1775 1175 primi

128 1188 317 1219 fundatores
341 1189 540 1220 monasterii.
565 1189 596 1219 in
621 1199 682 1230 quo
708 1187 803 1218 modo
821 1187 891 1218 Deo
917 1187 1072 1218 deservis.
1098 1186 1250 1218 vivebant
1276 1187 1306 1217 in
1333 1187 1579 1218 conversatione
1596 1193 1720 1218 sancta:
1746 1190 1777 1217 et

75 1250 100 1268 πο
128 1251 222 1281 quam
255 1240 317 1271 cito
348 1241 430 1282 rapti
455 1246 530 1272 sunt
553 1241 593 1272 de
623 1241 683 1272 hac
710 1241 788 1271 vita.
824 1240 878 1281 qui
909 1240 1084 1281 primorum
1115 1244 1286 1281 parentum
1319 1239 1554 1280 aliquantulum
1588 1239 1776 1270 scindebant

125 1295 256 1323 statuta.
308 1292 506 1329 Recordare„
537 1303 632 1334 quam
664 1293 778 1323 felices
804 1296 877 1323 sunt
902 1292 962 1330 illi,
993 1293 1047 1333 qui
1071 1291 1156 1333 apud
1181 1291 1287 1323 Deum
1318 1291 1463 1333 gaudent
1487 1292 1518 1322 in
1550 1292 1659 1322 caelis.
1705 1291 1777 1322 Hoc

127 1354 191 1375 non
215 1344 343 1376 luxoria
367 1345 464 1381 vitae,
489 1355 552 1376 non
569 1345 835 1376 vestimentorum
854 1344 991 1379 vanitas.
1016 1354 1080 1374 non
1106 1343 1230 1375 saeculi
1255 1353 1374 1385 pompa
1399 1344 1587 1385 promeruit.
1613 1343 1671 1375 sed
1689 1344 1778 1374 zelus

126 1395 257 1427 Domini
282 1400 315 1427 et
337 1397 496 1438 regularis
521 1397 608 1428 vitae
639 1396 801 1428 custodia.
832 1400 864 1427 et
888 1397 989 1427 maior
1018 1396 1145 1426 animae
1170 1406 1247 1426 cura
1272 1406 1366 1437 quam
1398 1396 1557 1437 corporis.
1589 1399 1621 1426 et
1644 1395 1778 1427 fraterni

127 1448 291 1490 profectus
318 1449 503 1480 sollicitudo
534 1449 566 1480 in
600 1449 744 1480 caritate.
792 1449 871 1479 Fac.
905 1447 988 1489 quod
1020 1448 1076 1478 tibi
1107 1448 1254 1489 proficiat
1287 1448 1388 1478 honor
1417 1448 1597 1489 praesentis
1628 1447 1706 1478 hore
1738 1446 1777 1477 ad

74 1511 98 1529 2⁵
129 1501 226 1532 futuri
250 1501 405 1542 temporis
430 1502 576 1542 gloriam.
1006 1496 1010 1499 ’

230 1552 376 1594 Meique,
406 1554 557 1585 obsecro.
590 1564 661 1584 cum
692 1552 845 1583 fratribus
880 1563 1011 1594 semper
1035 1552 1223 1583 memoriam
1250 1551 1372 1583 habeas
1398 1552 1466 1583 sive
1492 1553 1522 1583 in
1549 1553 1683 1594 speciali
1708 1563 1778 1583 ora-

127 1605 214 1635 tione
246 1606 428 1636 sanctitatis
453 1610 528 1637 tuae
554 1606 620 1636 sive
645 1605 676 1636 in
708 1605 853 1646 generali
884 1605 1047 1636 fraternae
1077 1604 1321 1635 intercessionis
1353 1605 1590 1635 communione:
1620 1608 1779 1646 quatenus

126 1655 217 1687 Deus
242 1656 358 1698 dirigat
383 1668 511 1688 cursum
537 1658 621 1688 vitae
646 1667 737 1688 meae
762 1657 802 1687 ad
827 1657 982 1688 salutem.
1016 1667 1078 1687 non
1106 1657 1210 1687 solum
1236 1657 1298 1687 mei
1325 1657 1440 1687 solius.
1466 1656 1538 1688 sed.
1565 1656 1695 1687 Christo
1720 1656 1779 1687 deo

126 1708 277 1748 donante,
302 1710 439 1741 salutem
465 1710 638 1742 multorum
649 1710 671 1742 ³.

75 1775 100 1794 ³0
230 1761 299 1793 Vos
324 1773 400 1794 vero
425 1762 533 1794 divina
563 1763 735 1794 clementia
766 1773 838 1793 cum
869 1761 1018 1793 omnibus
1050 1761 1219 1792 fratribus.
1251 1761 1450 1792 beatissimis
1475 1761 1655 1803 apostolis4
1678 1761 1778 1792 inter-

128 1812 327 1851 cedentibus,
353 1824 481 1856 semper
504 1815 534 1845 in
558 1815 644 1845 omni
666 1815 748 1845 bono
768 1814 925 1856 proficere
950 1814 1048 1844 faciat
1074 1817 1106 1844 et
1129 1813 1159 1843 in
1186 1813 1271 1843 omni
1290 1814 1462 1844 sanctitate
1486 1814 1633 1844 ultimum
1659 1824 1778 1855 cxpec-

127 1868 196 1896 tare
221 1865 321 1899 diem,
346 1870 381 1897 ut
411 1866 498 1908 digni
529 1867 714 1898 efficiamini
745 1872 830 1898 stare
862 1870 935 1897 ante
965 1856 1107 1896 tribunal
1133 1865 1253 1896 Christi
1285 1870 1316 1896 et
1345 1866 1457 1897 audire
1491 1866 1619 1897 beatam
1652 1877 1778 1897 vocem:

128 1917 256 1949 *Venite
287 1918 451 1949 benedicti
476 1919 576 1960 patris
606 1920 686 1950 mei.
711 1919 868 1963 percipite
902 1928 1052 1959 regnum.
1085 1917 1170 1959 quod
1202 1917 1294 1949 vobis
1328 1922 1476 1959 paratum
1511 1924 1559 1949 est
1590 1918 1630 1949 ab
1655 1919 1779 1959 origine

128 1968 259 2000 mundi'.

918 2094 989 2125 283.

76 2159 100 2178 ³⁵
231 2153 385 2185 Alcvimcs
416 2153 595 2195 Eanulfum
620 2154 832 2194 presbyterum
858 2153 1026 2194 Anylicum
1051 2155 1152 2193 νομαί,
1179 2155 1210 2183 ut
1234 2164 1295 2192 pro
1319 2164 1349 2183 se
1370 2155 1528 2192 precetur:
1551 2152 1594 2182 ad
1616 2152 1777 2183 caritatem

122 2205 305 2246 fraternam
326 2207 354 2237 et
377 2216 484 2237 curam
507 2206 688 2237 arcanarum
711 2206 863 2237 hortatur.
1512 2204 1691 2235 793—804.

233 2264 295 2292 Ood.
315 2265 347 2292 Η
362 2265 409 2297 fol.
424 2267 556 2293 992-100.

229 2307 302 2334 Edd.
323 2307 417 2341 F226,
435 2309 458 2336 J
470 2312 526 2335 281.
547 2324 578 2328 -
599 2309 692 2342 Migne
710 2309 756 2335 col.
773 2312 829 2335 507.

380 2389 595 2413 ,DULGISSIMO
615 2389 738 2412 FRATRI
761 2388 936 2412 EANULFffi
955 2388 1165 2412 PRESBITERO
1185 2388 1330 2412 ALBINUS
1350 2388 1518 2411 sALtJ'rEM,

78 2452 102 2470 ευ
233 2442 317 2477 Quia
341 2442 458 2473 caritas
484 2452 606 2472 memor
636 2445 683 2472 est
709 2441 808 2471 totius
834 2440 996 2478 bonitatis7
1023 2440 1094 2471 ideo
1120 2444 1151 2471 te
1177 2439 1328 2475 obsecro,
1366 2444 1399 2468 ut
1424 2439 1485 2468 mei
1509 2438 1632 2468 habeas
1658 2448 1777 2468 memo-

127 2493 204 2524 riam
229 2494 261 2524 in
286 2495 404 2525 sanctis
434 2493 634 2524 orationibus
660 2493 736 2524 tuis.
769 2496 800 2523 et
823 2496 855 2523 te
881 2492 987 2533 ipsum
1014 2492 1046 2522 in
1072 2492 1157 2522 omni
1191 2491 1339 2522 castitate
1367 2500 1564 2520 conservare
1590 2489 1722 2520 studeas
1749 2490 1778 2520 in

231 2606 257 2638 1)
277 2605 318 2637 Cf.
331 2613 415 2639 supra
432 2615 460 2639 p.
474 2610 520 2631 80:
541 2605 607 2638 quid
627 2605 726 2630 anulus
753 2605 780 2630 in
803 2604 928 2638 digito&
946 2613 973 2637 p.
987 2607 1048 2629 375:
1071 2612 1138 2629 auro
1158 2603 1200 2628 vel
1221 2602 1310 2628 siricis
1331 2602 1371 2628 uti
1393 2602 1578 2629 vestimentis:
1596 2610 1622 2634 Ι).
1640 2605 1680 2626 76:
1700 2600 1779 2626 sirico

128 2648 263 2674 vanitatis
289 2649 402 2675 involvi.
507 2649 533 2680 ⁵2)
554 2648 580 2673 id
598 2652 634 2673 cst
653 2648 721 2674 stola
742 2647 980 2674 FROBENIUS.
1080 2648 1107 2673 3)
1133 2646 1207 2672 Haec
1228 2646 1341 2677 sbi-tasse
1365 2644 1402 2670 ad
1426 2646 1535 2678 reqiiizen
1555 2644 1674 2670 abbatiae
1697 2644 1780 2669 Turo-

130 2692 218 2718 nensis
231 2693 371 2726 pertinent.
442 2693 466 2724 41
489 2692 570 2717 Petro
589 2694 612 2717 c!
634 2692 735 2723 Panlo.
755 2699 870 2724 quornm
889 2691 1034 2716 honoribus
1053 2691 1215 2715 monasteria
1239 2689 1383 2714 Girorcnse
1402 2691 1424 2714 os!
1446 2688 1478 2713 W
1478 2688 1638 2714 irmuthcnsc
1659 2688 1780 2714 dedicata

77 2743 101 2761 45
128 2735 329 2762 s1thROB.
400 2737 426 2764 ὀμ
448 2735 532 2762 Hunc
558 2735 710 2766 Eanulfam
734 2734 841 2759 eandem
866 2742 917 2760 csse
940 2737 1018 2767 aeque
1038 2733 1210 2764 Eanrulsam
1235 2732 1364 2763 abbatem,
1389 2732 1435 2764 ιμιῐ
1455 2741 1478 2756 a.
1502 2735 1552 2757 1'73.
1573 2734 1595 2756 cl
1614 2731 1652 2755 ad
1673 2731 1780 2756 Lunum

128 2779 275 2812 episcopum
294 2782 316 2805 et
334 2779 370 2804 acl
391 2780 515 2805 Carolmn
535 2788 614 2811 restem
635 2779 737 2803 litteras
755 2779 858 2811 scripsit
878 2778 979 2810 (Epist.
996 2777 1051 2809 III,
1066 2782 1123 2803 μω.
1143 2782 1204 2806 409)
1225 2776 1267 2801 ria:
1285 2774 1445 2800 crediderim.
1495 2775 1522 2799 [ιι
1548 2775 1614 2799 libro
1639 2775 1703 2799 ritae
1722 2776 1779 2799 eccl.

128 2824 301 2849 Dunelmens.
320 2824 356 2856 (p.
373 2827 397 2853 7)
418 2824 486 2848 inter
506 2823 625 2849 Nomina
645 2822 778 2848 abbatum
799 2822 901 2855 gradus
921 2822 1122 2855 presbiteratus
1143 2820 1256 2846 occurrit
1278 2820 1318 2844 bis
1338 2818 1462 2844 Eanuulf
1481 2818 1624 2852 presbiter.

233 2875 375 2901 Eam-oms
389 2874 435 2900 IV.
1541 2870 1574 2896 56

1790 1926 1908 1951 naeu-25,
1919 1927 1951 1945 ³4.
