2089 3171
74 706 97 724 10

72 964 94 982 15

70 1227 95 1246 20

69 1487 93 1507 25

67 2008 92 2027 35

67 2269 94 2287 40

67 2526 93 2547 ‘⁴5

714 144 863 171 Achml
884 145 1092 172 EPISTOLAE.
1130 147 1189 173 204.
1719 152 1780 181 339

230 230 501 271 Interrogandum
527 233 585 263 est.
611 231 637 261 si
663 242 704 261 ex
722 232 850 273 proprio
876 232 926 262 vel
945 232 1050 262 alieno
1076 232 1140 263 filio
1157 233 1288 275 adoptio
1307 235 1380 264 flat?
1426 235 1458 265 Si
1477 235 1571 266 dicit:
1598 246 1639 265 ex
1663 235 1779 266 alieno.
1813 238 1896 266 800?

125 283 328 314 inferendum
361 287 424 314 est,
457 282 584 323 quando
609 281 758 313 Christus
788 283 912 313 alienus
942 284 1002 313 fuit
1027 283 1098 313 Deo
1123 286 1223 325 patri.
1257 290 1290 316 ut
1321 296 1360 316 ex
1385 287 1490 317 alieno
1516 287 1724 328 adoptaretur
1749 288 1780 318 in
1791 279 1945 324 ²⁰⁶³¹¹1¹Jn¹i¹ffi¹¹³⁹

127 335 237 366 filium.
284 334 398 364 Nonne
428 334 459 364 in
483 334 553 375 ipso
578 338 735 376 conceptu
771 338 802 365 et
827 335 996 365 nativitate
1022 334 1112 365 Deus
1138 347 1232 367 verus
1264 342 1295 367 et
1321 338 1404 368 filius
1430 339 1579 380 proprius
1604 344 1780 381 conceptus

126 391 175 417 est
199 390 230 416 et
255 389 371 417 natus?

230 436 499 478 Iuterrogandum
525 441 583 470 est.
611 438 636 468 si
662 437 745 468 filius
771 437 833 468 Dei
859 448 955 468 verus
980 439 1021 468 sit
1046 439 1129 469 filius
1154 440 1299 481 virginis.
1347 442 1381 472 Si
1406 442 1498 473 dicit:
1530 454 1624 474 verus
1649 448 1681 474 et
1707 455 1780 486 pro—

123 490 226 531 prius,
259 489 461 520 inferendum
493 493 555 519 est:
588 489 747 530 quomodo
780 500 891 522 verus,
927 490 1002 520 dum
1033 491 1165 522 alterius
1198 497 1248 523 est
1276 498 1411 524 naturae
1443 494 1610 526 divinitas,
1648 496 1781 526 alterius

124 541 330 572 humanitas?

227 591 495 633 lutei-rogandum
521 596 578 624 est.
605 592 679 623 dum
699 592 762 623 Dei
787 593 872 623 filius
897 593 986 623 iuxta
1013 594 1205 625 catholicam
1230 595 1325 626 fidem
1345 607 1441 627 verus
1467 602 1516 628 est
1535 598 1618 629 filius
1637 600 1780 640 virginis,

125 644 305 687 quomodoa
328 645 413 675 filius
439 645 572 686 virginis
597 655 661 675 non
687 645 727 675 sit
753 655 848 675 verus
873 645 958 675 filius
984 645 1067 676 Dei?
1114 647 1181 677 Aut
1207 647 1230 676 si
1256 647 1341 677 filius
1368 649 1501 689 virginis
1526 650 1698 692 adoptivus
1733 658 1781 681 est

125 697 186 727 Dei
210 697 320 738 patris.
347 707 551 737 consequens
576 707 649 727 esse
674 696 803 727 videtur
827 697 881 727 illa
907 697 1103 728 absurditas.
1129 702 1164 728 ut
1189 698 1360 740 adoptivus
1388 700 1428 730 sit
1454 700 1513 731 Dei
1540 701 1623 732 filius
1650 703 1781 743 virginis

122 749 217 779 filius.
265 747 351 789 Ergo
382 749 408 778 si
439 748 522 778 filius
547 747 609 778 Dei
640 759 716 779 vere
746 753 795 778 est
824 749 908 779 filius
935 749 1082 789 virginis.
1116 750 1213 780 etiam
1246 751 1331 781 tilius
1357 752 1489 791 virginis
1516 763 1591 783 vere
1616 753 1700 784 filius
1732 760 1782 784 est

122 800 195 834 Dei,
222 804 254 831 et
278 811 339 830 non
365 800 464 830 habet
487 800 594 830 locum
619 801 651 830 in
676 800 832 831 utralibet
856 801 1070 841 generatione
1095 801 1278 842 adoptionis
1304 813 1432 834 nomen.

226 851 494 892 Interrogandum
520 856 583 889 est,
610 853 636 882 si
660 853 899 894 nuncupativus
924 852 1015 883 Deus
1041 853 1223 884 adorandus
1249 855 1312 885 sit?
1362 856 1394 885 Si
1420 855 1511 886 dicit:
1539 867 1613 889 non,
1638 858 1780 888 inferen-

123 903 199 934 dum
223 908 281 937 est,
307 903 465 944 quomodo
484 902 634 934 Christus
661 904 814 934 adoretur
837 904 877 935 ab
904 905 1030 945 angelis
1055 905 1118 935 def·
1144 906 1254 936 caelis.
1281 906 1319 936 de
1339 917 1401 947 quo
1420 909 1585 948 apostolus
1604 909 1661 939 ait:
1688 909 1930 940 summm-1¹6-

122 955 324 986 introducetc
348 955 599 996 primogenitum
624 956 655 986 in
681 956 791 987 orbem
816 960 933 990 terrae.
959 957 1097 987 adorent
1122 967 1196 988 eum
1221 968 1332 988 omnes
1358 959 1465 1000 angeli
1491 959 1575 992 Dei‘.

225 1007 498 1047 Interroganduni
524 1010 587 1038 est:
615 1008 640 1038 si
659 1006 807 1038 Christus
827 1008 1010 1049 aequaliter
1027 1010 1266 1051 nuncupativus
1291 1014 1340 1040 est
1358 1009 1459 1041 Deus.
1485 1012 1569 1043 sicut
1594 1017 1625 1043 et
1653 1013 1780 1044 Petrus.

122 1069 179 1090 cur
202 1058 351 1090 Christus
377 1069 440 1089 non
466 1059 586 1100 legitur
610 1070 644 1090 se
670 1059 876 1100 prohibuisse
903 1060 1031 1091 adorari
1054 1060 1159 1091 Deum
1186 1066 1218 1092 et
1237 1061 1353 1092 Petrus
1379 1063 1544 1104 prohibuit
1570 1064 1720 1096 Cornelio
1747 1077 1780 1096 se
1793 1075 1884 1098 msto,
1900 1076 1932 1095 25*

121 1112 268 1143 adorare.
315 1111 348 1142 Si
372 1111 487 1142 dicitd:
519 1112 593 1153 quia
618 1111 735 1143 Petrus
761 1113 856 1144 homo
882 1124 993 1154 purus,
1020 1112 1167 1144 Christus
1192 1113 1271 1144 deus
1297 1118 1328 1144 et
1353 1114 1459 1148 homo,
1485 1116 1687 1147 inferendum
1713 1125 1779 1148 est:

122 1165 149 1195 si
172 1163 264 1195 Deus
295 1167 328 1194 et
351 1163 445 1194 homo
470 1173 535 1194 una
568 1167 618 1194 est
641 1175 796 1205 persona,
831 1175 909 1205 ergo
939 1175 1003 1195 una
1027 1176 1167 1206 persona
1192 1175 1287 1196 verus
1321 1170 1370 1196 est
1395 1165 1500 1205 Deus,
1536 1172 1568 1198 et
1593 1179 1657 1198 non
1683 1169 1782 1200 habet

124 1215 228 1246 locum
253 1216 450 1257 nuncupatio
475 1215 506 1246 in
531 1219 680 1257 utraque.

224 1266 495 1308 Interrogandum
521 1271 581 1304 est*
607 1267 683 1308 quid
708 1267 748 1298 sit
773 1267 915 1298 medium
942 1267 1026 1298 inter
1050 1278 1163 1298 verum
1189 1272 1220 1299 et
1244 1279 1308 1299 non
1334 1273 1470 1300 verum?
1511 1270 1545 1300 Si
1571 1270 1662 1301 dicit:
1689 1271 1780 1302 nihil.

120 1319 324 1350 inferendum
350 1323 413 1350 est:
440 1329 518 1360 ergo
544 1318 692 1350 Christus
718 1318 896 1349 secundum
923 1318 1008 1360 quod
1033 1319 1129 1350 homo
1156 1324 1215 1352 est.
1241 1324 1295 1351 aut
1319 1331 1416 1351 verus
1442 1321 1533 1352 Deus
1559 1327 1609 1353 est
1633 1326 1689 1353 aut
1714 1334 1780 1354 non

120 1381 225 1403 verus.
274 1370 339 1402 Sed
362 1371 459 1402 valde
484 1371 660 1402 absurdum
685 1374 735 1402 est
759 1370 868 1402 dicere
894 1370 1001 1401 Deum
1027 1382 1101 1402 eum
1126 1381 1212 1403 esse.
1237 1372 1293 1403 sed
1319 1383 1380 1403 non
1406 1383 1528 1404 verum.
1576 1374 1643 1404 Aut
1668 1375 1694 1405 si
1721 1374 1780 1405 hoc

122 1423 287 1455 erubescit
319 1423 526 1454 adversarius
556 1424 678 1457 dicere.
712 1424 870 1465 proferat.
903 1423 979 1464 quid
1008 1423 1049 1454 sit
1078 1423 1219 1454 medium
1254 1424 1338 1455 inter
1366 1435 1476 1455 verum
1514 1430 1545 1455 et
1578 1436 1639 1456 non
1669 1437 1779 1457 verum

121 1474 297 1506 secundum
327 1479 429 1506 artem
460 1475 676 1507 dialecticam.
710 1475 976 1516 interrogandum
1008 1478 1070 1510 est,
1096 1476 1121 1506 si
1150 1486 1214 1506 una
1244 1475 1423 1517 personad*
1448 1478 1550 1518 possit
1580 1488 1652 1508 esse
1685 1478 1780 1509 homo

119 1537 215 1558 verus
241 1531 273 1558 et
296 1527 393 1558 homo
417 1527 540 1569 pictus,
567 1528 620 1569 qui
645 1531 695 1558 est
719 1538 781 1558 non
806 1538 903 1559 verus
929 1528 1034 1558 horno.
1082 1527 1116 1558 Si
1141 1528 1233 1567 dicit,
1257 1539 1320 1559 non
1346 1540 1456 1571 posse.
1482 1530 1686 1561 inferendum
1711 1536 1778 1562 est:

120 1589 180 1610 nec
210 1579 242 1610 in
271 1577 414 1612 Christo.
451 1580 505 1620 qui
535 1583 585 1610 est
613 1590 676 1610 una
706 1590 861 1621 persona.
898 1580 930 1610 in
960 1579 1085 1610 duabus
1116 1581 1239 1611 naturis
1270 1591 1381 1611 verum
1414 1592 1487 1612 esse
1518 1586 1625 1624 potest
1656 1588 1688 1613 et
1716 1594 1779 1614 non

120 1641 248 1668 verum,
279 1631 336 1662 sed
366 1631 519 1673 quicquid
547 1632 578 1662 in
608 1642 646 1663 eo
678 1636 741 1663 est.
773 1642 885 1662 verum
918 1635 980 1665 est,
1011 1632 1084 1672 quia
1115 1633 1185 1674 ipse
1210 1636 1298 1663 totus
1325 1637 1374 1664 est
1398 1632 1489 1664 Deus
1516 1638 1548 1665 et
1573 1638 1658 1665 totus
1684 1645 1779 1666 verus

118 1683 203 1714 filius
228 1683 291 1714 Dei
316 1687 348 1714 et
372 1687 441 1714 tota.
465 1684 587 1714 veritas
612 1684 644 1715 in
670 1694 707 1715 eo
732 1688 783 1716 est
807 1689 838 1715 et
862 1684 941 1714 nihil
966 1684 1066 1715 habet
1089 1684 1235 1726 figmenti
1260 1685 1291 1715 in
1317 1696 1362 1716 se.

223 1734 494 1776 Interrogandum
524 1740 587 1768 est.
623 1736 649 1766 si
679 1735 801 1777 aliquid
830 1735 1031 1767 adorandum
1064 1736 1157 1767 nobis
1195 1737 1254 1767 sit‘³
1286 1742 1341 1767 aut
1372 1737 1559 1770 colendum,
1592 1739 1651 1769 nisi
1685 1749 1779 1769 verus

119 1786 235 1818 Deusf.
284 1786 318 1818 Si
343 1786 420 1817 dicit
450 1797 513 1818 non
549 1797 635 1827 esse,
665 1787 870 1819 inferendum
899 1794 963 1819 est:
997 1787 1157 1829 quomodo
1183 1788 1333 1819 adorabis
1358 1789 1458 1820 filium
1484 1790 1632 1830 virginis,
1665 1791 1691 1820 si
1716 1801 1779 1821 non

121 1842 171 1870 est
194 1849 291 1870 verus
316 1838 428 1870 Deus?

223 1890 494 1932 Interrogandum
524 1890 599 1929 ests,
630 1892 655 1922 si
686 1892 924 1933 nuncupativus
953 1891 1044 1922 Deus
1074 1891 1258 1923 adorandus
1290 1893 1351 1923 sit?
1404 1893 1438 1923 Si
1470 1893 1548 1924 dicit
1581 1905 1642 1924 non
1675 1898 1778 1925 essee.

120 1942 324 1973 inferendum
350 1946 414 1974 est:
441 1953 518 1984 ergo
537 1943 695 1975 Christus.
721 1944 774 1985 qui
800 1954 841 1974 ex
860 1944 987 1985 virgine
1011 1948 1104 1974 uatus
1130 1948 1188 1980 est,
1214 1955 1277 1975 non
1303 1950 1352 1975 est
1371 1945 1564 1976 adorandus.
1592 1946 1664 1987 quia
1685 1955 1777 1975 verus

120 1994 211 2025 Deus
241 2005 304 2025 non
334 1998 397 2027 est:
428 2000 459 2026 et
490 1999 564 2026 sunt
593 1995 656 2026 duo
687 1995 731 2026 dii
758 1995 908 2026 Christus
939 1995 1020 2026 deus
1051 2000 1083 2026 et
1108 1996 1256 2027 Christus
1281 1997 1392 2031 homo,
1426 2008 1506 2028 unus
1533 1997 1716 2027 adorandus
1747 2001 1777 2027 et

119 2046 202 2077 alter
224 2056 288 2077 non
313 2046 506 2078 adorandus.
556 2047 622 2078 Sed
652 2052 780 2078 avertat
812 2047 891 2078 deus
916 2048 1001 2078 hunc
1025 2059 1155 2079 sensum
1180 2049 1220 2079 ab
1247 2049 1332 2079 omni
1359 2049 1472 2080 cordef
1495 2049 1668 2085 catholico,
1704 2049 1776 2089 quia

119 2101 205 2128 totus
230 2096 378 2128 Christus
403 2109 485 2129 unus
512 2103 560 2130 est
584 2099 676 2130 Deus
702 2103 734 2130 et
758 2109 823 2130 una
849 2098 1038 2130 adoratione
1064 2100 1278 2131 venerandus.

223 2149 494 2191 Interrogandum
521 2155 585 2187 est„
611 2151 637 2181 si
662 2150 752 2182 Deus
778 2161 839 2181 non
865 2154 931 2187 est„
957 2151 1009 2193 qui
1034 2151 1120 2182 filius
1146 2151 1251 2182 David
1277 2156 1345 2184 est.
1372 2163 1433 2193 qua
1458 2156 1622 2194 potestate
1649 2152 1775 2182 inlumi-

119 2204 231 2232 nasset
255 2211 405 2239 caecum‚
430 2203 484 2243 qui
511 2202 662 2233 clamavit
687 2204 729 2234 ei:
761 2203 862 2241 ‘Iesu‚
888 2203 931 2234 fili
957 2203 1082 2236 David.
1108 2205 1264 2235 miserere
1289 2203 1384 2235 mei'?
1431 2203 1510 2239 Quis
1536 2209 1642 2245 potest
1668 2204 1776 2234 lumen
1788 2206 1852 2253 ³122}
1865 2209 1895 2229 10,
1910 2209 1942 2227 ⁴?-

121 2252 199 2284 dare
228 2263 339 2287 caeco,
370 2255 430 2285 nisi
455 2253 566 2285 Deus?
614 2254 676 2285 Eth
706 2256 731 2286 si
756 2255 847 2286 Deus
878 2259 942 2293 est,
973 2256 1026 2297 qui
1051 2256 1254 2287 inluminavit
1283 2266 1431 2291 caecum*
1463 2257 1574 2297 utique
1599 2255 1689 2286 Deus
1715 2256 1778 2286 esti

121 2303 205 2335 filius
230 2304 346 2336 David.

223 2356 493 2398 Interrogandum
524 2362 588 2393 est,
622 2359 646 2389 si
677 2359 774 2390 beata
804 2360 894 2401 virgo
923 2371 1022 2391 unum
1052 2361 1221 2402 genuisset
1246 2361 1353 2391 Deum
1385 2361 1435 2391 vel
1466 2360 1568 2391 duos?
1621 2360 1653 2390 Si
1685 2360 1775 2391 dicit:

119 2419 230 2447 unum,
248 2409 364 2440 iterum
383 2409 646 2450 interrogandum
673 2415 736 2442 est:
764 2422 875 2442 verum
901 2416 956 2443 aut
981 2423 1045 2443 non
1070 2416 1204 2443 verum?
1247 2412 1279 2443 Si
1305 2412 1398 2443 dicit:
1426 2423 1547 2443 verum.
1573 2412 1776 2443 inferendum

121 2464 185 2491 est:
211 2471 289 2501 ergo
313 2464 401 2492 totus
425 2461 509 2492 filius
535 2462 665 2503 virginis
688 2473 771 2494 unus
796 2467 845 2495 est
869 2463 960 2495 Deus
985 2468 1017 2494 et
1042 2474 1152 2497 verus,
1177 2464 1251 2505 quia
1277 2465 1303 2494 si
1328 2475 1437 2495 verum
1464 2471 1495 2495 et
1520 2465 1775 2505 nuncupativum

121 2512 236 2553 genuit
259 2511 377 2550 Deum,
402 2513 515 2554 procul
540 2513 637 2545 dubio
662 2514 742 2545 duos
767 2516 880 2556 genuit
904 2516 993 2547 deos.
1018 2527 1116 2558 unum
1142 2526 1252 2546 verum
1278 2520 1309 2546 et
1334 2516 1471 2547 alterum
1489 2515 1775 2557 nuneupativumk.

223 2563 359 2595 Iterum¹
389 2565 651 2606 interrogandum
683 2571 746 2598 est.
775 2567 800 2597 si
829 2567 910 2598 duos
940 2568 1022 2598 filios
1048 2569 1215 2609 genuisset
1244 2572 1298 2597 aut
1322 2578 1429 2599 uuum.
1486 2566 1517 2597 Si
1543 2567 1636 2597 dicit:
1666 2578 1775 2601 uuum,

224 2704 247 2734 Β)
265 2705 392 2736 quomodo
412 2717 443 2721 —-
461 2705 493 2729 sit
514 2705 539 2729 in
558 2706 612 2729 loco
632 2714 692 2730 raso
717 2705 762 2730 2⁷³⁶.
826 2705 849 2737 b)
869 2708 895 2731 in
920 2707 970 2737 Τ*,
992 2710 1020 2736 (ι),
1081 2712 1103 2738 C)
1119 2707 1255 2731 introducit
1275 2706 1323 2737 T*‚
1345 2708 1366 2736 Q
1419 2705 1444 2738 d)
1459 2707 1551 2731 dicitur
1565 2709 1593 2736 Q.
1661 2706 1700 2739 (μ)
1720 2708 1775 2731 alia

118 2754 199 2771 manu
216 2755 342 2779 superser.
362 2748 407 2772 T*.
479 2748 501 2777 ε)
521 2749 553 2773 sit
572 2749 645 2773 nobis
670 2749 714 2774 T*.
795 2748 818 2782 s)
838 2759 886 2775 om.
912 2750 960 2774 T*.
1040 2754 1065 2780 Β)
1086 2754 1123 2774 est
1148 2750 1197 2775 T*.
1270 2749 1294 2781 h)
1315 2751 1345 2774 Et
1365 2751 1385 2774 si
1406 2763 1437 2767 —
1457 2751 1546 2782 utique
1566 2751 1636 2775 Deus
1655 2759 1702 2775 mn.
1729 2751 1775 2775 T*.

119 2789 137 2822 i)
156 2795 222 2815 esset
246 2790 294 2815 T*.
364 2789 390 2822 k>
409 2792 579 2824 nunpativum
603 2792 649 2817 T*.
720 2791 737 2823 ¹)
759 2794 821 2817 Item
845 2793 891 2824 T*‚
915 2794 942 2823 Q.

1518 2844 1567 2870 43*
