2089 3171
71 715 95 733 10

70 973 94 991 15

69 1236 94 1255 20

67 1497 92 1516 25

67 1756 92 1775 ³0

68 2017 92 2036 35

66 2602 91 2620 ⁴5

712 146 862 173 ALCVINI
882 147 1090 174 EPISTOLAE.
1127 150 1185 176 205.
1715 156 1770 185 341

226 235 316 265 Haec
333 235 457 265 novitas
476 244 587 264 vocum
612 233 644 264 in
662 233 865 274 adoptione³.
892 236 1140 276 nuncupacione
1160 236 1278 268 Christi
1301 240 1430 269 omnino
1453 239 1603 271 fidelibus
1627 241 1776 270 omnihus
1810 243 1870 272 800

123 287 317 318 detestanda
341 292 406 323 est;
433 290 465 317 et
489 296 687 328 magnopere
712 286 857 316 cavenda
882 286 962 317 haec
987 287 1103 318 divisio
1128 289 1159 319 in
1182 289 1310 320 Christo
1336 290 1465 322 domino
1490 296 1608 323 nostro.
1649 292 1776 323 Scimus
1788 285 1943 332 ¹⁰⁹⁰¹1¹{{'„¹i¹}f{⁰⁵⁹

124 340 205 371 duas
230 345 363 371 naturas
388 339 550 381 perfectas
576 349 650 369 esse
680 339 711 368 in
737 337 866 368 Christo
899 342 931 369 et
963 349 1060 369 unam
1085 350 1271 381 personam,
1304 343 1473 374 mortalem
1507 344 1777 385 inmortalemque

125 391 263 423 eundem
289 401 372 422 esse.
409 390 499 422 Sicut
524 390 618 420 homo
642 390 786 420 mortalis
811 394 861 420 est
879 401 986 425 carne,
1012 391 1195 422 inmortalis
1212 393 1329 425 anima.
1354 398 1461 425 tamen
1480 396 1586 426 unusb
1611 399 1660 426 est
1684 396 1778 426 homo

124 448 155 475 et
178 454 245 475 una
269 453 407 485 persona
432 446 463 472 et
487 452 569 472 unus
594 441 678 472 filius
703 441 803 483 patris
829 442 878 472 sui
903 445 988 472 totus
1013 443 1161 483 proprius
1197 448 1228 474 et
1253 444 1351 476 dividi
1377 457 1439 477 non
1463 451 1585 488 potest.
1621 447 1706 488 quod
1739 448 1779 478 sit

122 496 239 537 partim
269 494 526 536 nuncupativusc
558 493 653 524 homo
685 496 717 523 et
747 493 863 534 partim
896 502 992 523 verus
1025 492 1136 524 homo:
1170 495 1215 525 ita
1247 499 1279 526 et
1304 495 1468 528 Christus.
1502 498 1577 528 licet
1609 499 1649 528 sit
1681 509 1778 529 carne

121 547 267 578 mortalis
292 550 323 577 et
348 546 520 576 divinitate
546 545 739 583 inmortalis,
764 548 875 575 tamen
899 555 982 575 unus
1000 544 1093 575 Iesus
1113 545 1263 577 Christus
1289 551 1321 578 et
1345 559 1428 579 unus
1446 548 1509 580 Dei
1534 550 1618 580 filius
1638 569 1676 572 —
1695 551 1779 580 sicut

121 600 188 630 dixi
219 599 382 629 hominem
413 607 486 628 esse
517 607 615 628 unum
648 596 762 634 filium,
796 597 873 627 licet
903 607 1000 627 carne
1031 598 1072 627 sit
1102 598 1247 628 mortalis
1278 603 1310 629 et
1339 601 1446 631 anima
1478 601 1658 632 inmortalis
1684 620 1721 624 —-
1749 606 1781 632 et

122 651 308 682 nullatenus
337 661 421 681 unus
451 650 537 680 filius
566 659 630 679 uno
663 651 756 690 patre
782 652 890 690 potest
915 659 988 679 esse
1013 653 1186 690 utrumque
1219 654 1251 680 et
1275 652 1425 693 proprius
1455 656 1486 683 et
1511 652 1691 694 adoptivus.
1738 654 1780 684 Et

124 704 151 734 si
184 707 233 735 est
261 713 344 734 unus
373 702 458 733 filius
482 701 573 732 Deus
598 700 748 731 Christus
780 701 811 731 in
841 711 905 731 una
935 711 1090 742 persona.
1123 702 1252 732 omnino
1283 707 1339 733 aut
1363 706 1449 734 totus
1480 708 1530 735 est
1553 706 1701 746 proprius
1726 709 1781 736 aut

120 759 208 786 totus
233 753 460 796 adoptivusffl.
508 753 574 784 Sed
597 753 714 784 melius
740 756 805 791 est,
840 756 875 783 ut
900 756 1034 795 propter
1058 754 1145 784 illam
1171 755 1405 786 excellenciam
1431 762 1586 788 naturaee
1612 756 1672 787 Dei
1698 757 1779 790 filiis,

121 809 174 849 qui
190 808 339 850 proprius
365 810 397 838 et
413 811 567 838 aeternus
593 809 653 837 est.
681 806 722 836 sit
740 805 925 836 humanitas
943 805 1117 847 adsumpta
1142 807 1173 836 in
1191 807 1425 848 proprietatem
1443 807 1510 838 filii.
1535 819 1629 849 quam
1648 815 1781 850 propter

120 860 356 890 humanitatem
381 858 445 889 Dei
470 857 554 888 filius
579 861 732 888 aeternus
758 857 947 888 humilietur
972 858 1003 888 in
1029 857 1245 899 adoptionem.
1294 858 1434 889 Omnino
1460 860 1606 901 proprius
1638 860 1720 890 filius
1751 865 1781 890 et

121 911 291 953 adoptivus
315 921 399 941 unus
425 920 497 941 esse
523 920 587 939 non
611 913 721 950 potest
746 910 786 940 ad
811 920 910 941 unum
936 914 1073 952 patrem.
1099 911 1140 941 ad
1165 911 1245 941 duos
1271 916 1379 942 autem
1405 916 1525 953 potest.

225 963 318 994 Haec
343 961 586 993 considerantes
613 961 812 1002 diligentiu5‚
839 965 871 992 et
895 962 1004 993 animo
1029 966 1138 993 tenete
1163 963 1298 994 firmiter
1324 967 1356 994 et
1381 968 1568 994 constanter
1592 964 1779 1006 praedicate

119 1026 218 1047 unum
247 1015 348 1046 filium
381 1018 413 1045 et
441 1024 540 1044 unum
564 1013 671 1044 Deum
705 1012 845 1044 eundem
877 1015 1041 1055 proprium
1075 1018 1107 1046 et
1132 1025 1244 1046 verum
1271 1016 1518 1057 perfectumque
1544 1027 1617 1047 esse
1642 1036 1681 1038 —
1706 1017 1779 1058 quia

120 1068 224 1098 omnis
248 1067 368 1098 veritas
396 1066 429 1097 in
453 1065 582 1096 Christo
613 1070 663 1096 est
695 1068 727 1096 et
757 1065 882 1096 nullum
915 1065 1120 1107 figmentum,
1156 1071 1187 1097 et
1219 1070 1287 1098 tota
1318 1067 1487 1109 plenitudo
1520 1067 1711 1100 divinitatis.
1749 1072 1910 1101 etc‹·1.2.9.

118 1119 209 1151 nulla
232 1118 408 1150 minoracio
439 1128 499 1148 nec
531 1117 671 1148 defectio
697 1135 736 1139 —
761 1128 821 1148 nec
853 1128 942 1149 eum.
978 1119 1062 1149 sicut
1092 1119 1124 1149 in
1154 1119 1266 1150 libello
1291 1120 1409 1161 prefati
1434 1120 1552 1151 Felicis
1577 1120 1695 1150 lectum
1721 1125 1780 1156 est,

119 1171 279 1213 baptismo
303 1170 483 1211 indiguisse
495 1168 518 1207 ²,
551 1169 608 1199 sed
633 1178 708 1199 mox
733 1169 801 1200 sine
826 1174 962 1211 peccato
997 1174 1029 1201 et
1053 1171 1139 1201 omni
1165 1170 1238 1202 labe
1263 1172 1389 1213 peccati
1415 1171 1535 1213 Spiritu
1561 1176 1673 1203 sancto
1703 1182 1779 1202 con-

122 1226 250 1265 ceptum
284 1232 356 1253 esse
383 1221 490 1252 Deum
524 1231 636 1251 verum
671 1224 703 1251 et
733 1220 896 1252 hominem
928 1232 1048 1252 verum.
1096 1221 1139 1252 Et
1171 1222 1197 1253 si
1228 1222 1325 1253 beata
1356 1224 1445 1264 virgo
1478 1224 1642 1266 proprium
1676 1224 1781 1265 potuit

120 1285 276 1316 generare
307 1274 368 1305 sibi
399 1273 514 1307 filium,
550 1273 603 1314 qui
635 1271 695 1303 fuit
726 1283 767 1303 ex
801 1276 911 1303 eterno
936 1272 998 1304 Dei
1027 1273 1127 1306 filius.
1160 1274 1319 1316 quomodo
1352 1285 1414 1306 non
1439 1277 1543 1317 potuit
1567 1275 1657 1306 Deus
1688 1280 1781 1317 pater

119 1327 241 1358 habere
265 1326 430 1357 hominem
454 1325 554 1356 filium
580 1325 755 1366 proprium,
781 1325 834 1365 qui
860 1335 901 1355 ex
926 1328 1073 1366 tempore
1100 1330 1195 1356 natus
1222 1330 1269 1356 est
1294 1338 1335 1357 ex
1353 1328 1498 1368 virgine?
1540 1327 1633 1358 Unus
1651 1328 1778 1358 omnino

120 1382 171 1410 est
194 1379 225 1410 in
249 1383 386 1420 utraque
411 1382 543 1414 natura,
578 1376 617 1407 ad
642 1380 815 1417 utrumque
840 1381 1027 1418 parentem.
1061 1376 1209 1408 Christus
1243 1382 1275 1409 et
1303 1378 1389 1409 filius
1413 1378 1477 1409 Dei
1502 1380 1661 1421 proprius.
1708 1378 1778 1414 Que

119 1431 227 1462 omnia
248 1431 385 1473 plenius,
411 1429 592 1471 opitulante
611 1428 724 1459 eodem
743 1428 824 1467 Deo,
849 1429 911 1459 deg
936 1439 998 1470 quo
1025 1429 1120 1460 nobis
1150 1440 1255 1460 sermo
1281 1434 1340 1463 est,
1365 1431 1480 1461 lecturi
1503 1431 1592 1461 eritis
1616 1432 1646 1461 in
1665 1430 1778 1462 eodem

121 1483 243 1521 libello,
268 1492 364 1524 quem
388 1481 482 1512 modo
507 1481 538 1511 in
563 1480 713 1512 manibus
738 1480 898 1511 habemus
911 1481 933 1512 ³.

221 1534 362 1566 Tantum
396 1534 428 1564 in
461 1532 557 1564 fideih
591 1532 742 1563 firmitate
777 1536 809 1564 et
843 1534 887 1563 nil
917 1533 1111 1564 hesitantesi
1138 1552 1176 1556 —
1201 1534 1275 1575 quia
1310 1535 1380 1565 sine
1414 1534 1477 1565 fide
1507 1535 1697 1576 inpossibile
1731 1539 1779 1565 est
1792 1547 1930 1569 uetante.

118 1587 190 1618 Deo
213 1587 361 1629 placere,
393 1590 428 1617 ut
452 1585 620 1627 apostolus
654 1585 699 1615 ait
724 1603 764 1606 -
789 1585 959 1616 caritatem
983 1586 1161 1616 fraternam
1188 1586 1422 1617 instantissime
1448 1587 1532 1618 inter
1557 1597 1612 1617 vos
1638 1591 1778 1618 servate.

119 1644 151 1671 et
173 1640 331 1670 unitatem
355 1639 386 1669 in
413 1637 499 1669 omni
524 1637 686 1668 catholica
710 1647 790 1678 paee
816 1643 848 1668 et
872 1637 934 1668 fide
960 1640 1050 1668 recta
1075 1642 1107 1668 et
1132 1638 1313 1669 humilitate
1339 1649 1402 1669 non
1428 1639 1512 1670 ficta.
1558 1638 1599 1669 Et
1625 1638 1779 1669 obedien-

120 1690 227 1723 ciam*
252 1694 393 1721 vestram
426 1689 605 1721 secundum
638 1690 838 1731 propositum
865 1690 1023 1730 regularis
1049 1690 1114 1721 vite
1140 1691 1225 1721 omni
1251 1690 1358 1721 studio
1385 1695 1524 1722 servate.
1572 1690 1614 1721 Et
1645 1691 1780 1721 stabiles

121 1746 226 1775 estote
255 1743 286 1774 in
318 1743 399 1774 locis
423 1742 555 1775 vestris,
588 1741 642 1772 ubi
670 1741 886 1782 vosmetipsos
920 1740 1054 1772 dedistis
1079 1741 1166 1773 Deo:
1198 1746 1229 1772 et
1254 1743 1353 1773 nolite
1381 1743 1534 1774 deserere
1568 1742 1780 1774 nionasteria¹

118 1799 228 1826 vestra
252 1799 285 1826 et
308 1805 425 1826 vacare
450 1804 508 1836 per
532 1793 635 1824 seculi
659 1793 831 1824 vanitates.

222 1846 365 1889 Tempus
391 1846 475 1878 enim
499 1845 593 1876 huius
619 1845 682 1876 vite
706 1845 807 1876 breve
832 1848 896 1877 est.
936 1848 967 1876 et
992 1855 1056 1876 non
1077 1849 1154 1876 'sunt
1179 1845 1339 1887 condigne
1364 1847 1532 1888 passiones
1558 1847 1652 1877 huius
1678 1846 1777 1877 seculi
1790 1847 1944 1894 ὲοῇᾒῖ-Βὶιξθ·

119 1899 158 1930 ad
183 1903 453 1941 superventuram
478 1897 624 1939 gloriam.
669 1896 743 1928 Non
778 1897 878 1928 debet
903 1901 1012 1928 vestre
1036 1897 1229 1929 beatitudini
1254 1898 1375 1929 Christi
1401 1899 1510 1940 iugum
1536 1898 1650 1929 durum
1676 1898 1778 1929 videri
1846 1890 1850 1894 ’
1882 1890 1885 1894 ’
1928 1889 1933 1894 “

118 1951 171 1983 vel
195 1956 407 1986 onerosumm,
439 1950 495 1981 sed
521 1951 593 1981 leve
619 1953 651 1981 et
675 1958 790 1980 suave:
821 1950 904 1980 sicut
934 1950 1004 1991 ipse
1036 1950 1095 1980 ait:
1129 1950 1257 1991 ‘Iugum
1283 1951 1367 1981 enim
1394 1961 1500 1981 meum
1526 1961 1625 1982 suave
1651 1955 1714 1981 est.
1747 1955 1944 1989 etnam-1130.

121 2008 229 2035 onus¹¹¹
253 2013 359 2034 meum
375 2002 448 2034 leve
467 2001 539 2034 est’.
579 2001 651 2032 Non
677 2002 730 2043 qui
755 2002 890 2043 ceperit,
917 2006 967 2033 set
991 2002 1045 2043 qui
1070 2002 1339 2043 perseveraverit,
1366 2003 1475 2033 salvus
1502 2003 1571 2033 erit.
1612 2002 1820 2039 Revocatest„
1837 2024 1868 2041 ,0-
1886 2022 1918 2040 ῃ,

119 2055 159 2086 ad
182 2059 325 2086 mentem
349 2054 464 2086 Iudam
489 2065 531 2085 ex
555 2054 702 2096 apostolo
729 2053 929 2095 proditorem
954 2053 1091 2088 factum;
1118 2053 1321 2084 considerate
1346 2054 1479 2085 Saulum
1505 2065 1545 2084 ex
1570 2058 1778 2096 persecutore

118 2107 378 2149 praedicatorem
411 2107 595 2138 effectum&
642 2105 846 2137 Mementote
870 2105 1037 2136 Malchum
1062 2105 1290 2138 monachumn.
1322 2107 1412 2136 cuius
1444 2106 1633 2136 historiam⁰
1663 2106 1779 2136 beatus

119 2159 324 2190 Iheronimus
359 2159 459 2190 mira-¹³
495 2157 595 2189 edidit
632 2157 771 2199 epistola
785 2158 807 2190 ⁵.
842 2158 1003 2199 quomodo
1041 2158 1132 2199 quasi
1169 2159 1300 2199 pietatis
1335 2159 1453 2189 intuitu
1490 2168 1642 2199 egressus
1677 2161 1726 2188 est
1761 2168 1777 2188 a

119 2211 346 2249 monasterio‘1‚
377 2211 564 2252 relinquens
589 2214 715 2252 patrem
741 2220 852 2242 suum:
885 2213 918 2241 et.
941 2210 973 2241 in
998 2211 1112 2251 quales
1137 2210 1287 2252 pervenit
1311 2214 1425 2251 postea
1449 2210 1693 2241 tribulationes:
1728 2210 1779 2239 vel

121 2264 260 2306 qualiter
289 2264 417 2305 planxit
440 2262 654 2294 monachumr
678 2262 709 2292 in
733 2261 884 2293 heremo.
918 2272 1013 2304 quem
1038 2262 1179 2303 perdidit
1210 2263 1241 2292 in
1265 2262 1475 2293 monasterio,
1520 2261 1605 2292 Raro
1630 2261 1780 2292 diabolus

119 2319 233 2358 aperta
256 2315 362 2347 fronte
386 2319 509 2357 pugnat
533 2318 646 2345 contra
671 2324 782 2345 servos
800 2313 873 2352 Dei,
899 2313 975 2345 sed‘³
993 2314 1051 2344 sub
1069 2314 1172 2355 figura
1189 2314 1332 2356 pietatis.
1359 2314 1450 2355 quasi
1475 2313 1604 2344 maioris
1630 2314 1671 2344 sit
1695 2313 1780 2343 utili-

119 2368 196 2399 tatis
232 2368 321 2399 exire
358 2366 398 2402 de
434 2367 655 2398 monasterio‘l
687 2376 781 2407 quam
812 2377 1015 2407 permanere.
1064 2366 1158 2399 Ovis,
1196 2368 1293 2407 quaet
1326 2366 1365 2397 de
1397 2366 1472 2396 ovili
1504 2365 1669 2406 egreditur
1700 2370 1731 2395 et
1762 2376 1780 2395 a

221 2516 245 2547 ⁸)
273 2516 410 2541 adobtione
428 2524 448 2539 c.
555 2513 579 2545 b)
607 2515 694 2539 hunus
713 2523 732 2538 r.
853 2519 875 2541 0)
904 2515 1110 2546 nunccupativus
1130 2523 1150 2538 c,
1268 2512 1291 2538 d',
1319 2513 1456 2537 adobtivus
1479 2522 1499 2537 e.
1526 2513 1561 2536 sii*
1590 2513 1643 2540 ses-e
1674 2520 1779 2543 semper.

118 2559 141 2591 e)
161 2564 278 2584 naturam
297 2568 317 2583 c.
383 2557 406 2589 f)
427 2559 496 2582 filius
515 2567 535 2582 c.
601 2558 626 2589 8)
646 2558 676 2582 de
695 2557 797 2582 addidit
817 2557 968 2582 Frobenius.
1054 2556 1079 2585 Π)
1099 2552 1147 2581 tide
1166 2566 1187 2581 ι’.
1260 2556 1276 2582 i')
1297 2557 1418 2581 esitantes
1438 2566 1457 2579 r.
1530 2554 1554 2587 k)
1576 2555 1743 2579 lmbedieueia
1756 2563 1775 2578 c.

118 2601 137 2633 ι)
162 2603 313 2627 monesteria
332 2611 352 2626 c.
442 2604 473 2631 ¹¹¹)
500 2602 653 2626 honerosum
674 2614 704 2618 —-
725 2601 808 2626 honus
827 2610 847 2625 c.
938 2605 962 2631 ¹¹)
988 2602 1100 2625 Maleum
1121 2608 1255 2624 monacum
1276 2609 1296 2624 c.
1386 2604 1409 2624 Π)
1432 2600 1544 2623 istoriam
1563 2607 1582 2623 c.
1675 2598 1699 2628 Ρ)
1719 2599 1781 2622 mira

117 2647 217 2678 ncripsit
235 2645 259 2670 J.
279 2654 327 2677 pro
347 2654 415 2670 nnuc
435 2654 455 2669 c.
527 2645 551 2672 (ι)
572 2645 723 2669 imnicsterio
742 2654 762 2669 c.
834 2646 854 2674 r)
874 2645 999 2669 monacho
1019 2654 1039 2668 r.
1111 2644 1132 2675 Ξ)
1152 2650 1174 2667 ct
1196 2653 1221 2672 1-;
1240 2644 1282 2667 sed
1305 2643 1363 2667 Bal,
1437 2644 1455 2672 ¹)
1475 2643 1519 2674 qui
1539 2651 1559 2666 r.

223 2714 248 2745 1)
268 2712 337 2739 Λᾶν.
360 2712 442 2738 Felie.
463 2713 479 2738 l.
500 2712 536 2738 ΙΙ
551 2722 571 2739 c.
589 2716 737 2745 1212808:
764 2712 840 2738 Unus
865 2714 957 2738 autem
982 2712 1054 2737 filius
1079 2710 1217 2744 quomodo
1238 2712 1328 2744 potest
1355 2718 1412 2735 esse
1433 2710 1560 2743 proprius
1585 2712 1611 2734 ot
1631 2709 1780 2742 adoptivus*

118 2756 200 2782 unius
213 2756 321 2790 patris?
391 2756 419 2789 2)
434 2755 474 2787 Cf.
485 2763 569 2789 supra
583 2764 622 2788 ep.
637 2759 684 2782 166
694 2764 722 2788 p.
738 2759 788 2781 270
806 2756 853 2781 lin.
870 2759 913 2781 26:
931 2755 1027 2781 Refert
1040 2763 1150 2788 quoque
1165 2763 1227 2779 eum
1243 2753 1380 2787 baptismo
1396 2753 1556 2786 indiguisse.
1620 2754 1647 2784 3)
1663 2760 1683 2777 r.
1694 2760 1778 2785 snpra

113 2809 141 2833 p.
155 2803 207 2826 340
226 2808 252 2826 n.
267 2804 291 2826 4.
350 2801 377 2831 4)
393 2799 434 2832 Cf.
449 2808 532 2832 supra
552 2808 598 2833 pp.
615 2803 666 2825 143.
680 2803 733 2825 25⁶.
798 2801 825 2831 5)
846 2799 904 2825 Vita
920 2799 1022 2825 Alalclzi
1042 2799 1068 2823 iu
1090 2798 1115 2823 S.
1132 2797 1293 2830 Hicronynn
1313 2805 1371 2829 “PP-
1391 2795 1430 2821 etl.
1447 2795 1598 2821 ranan-sius
1612 2795 1652 2827 ΙΙ,
1672 2800 1728 2820 41-
1739 2801 1780 2820 45.
