2089 3171
55 724 79 742 10

54 983 77 1002 15

51 1241 76 1260 20

50 1504 74 1522 25

48 1763 74 1782 30

47 2022 72 2042 35

47 2284 73 2303 40

47 2544 71 2562 45

47 2802 72 2820 50

723 155 873 181 ALCVINI
893 155 1100 184 EPISToLAE.
1127 160 1151 184 3.
1720 163 1759 192 23

109 242 210 273 caelis
235 241 303 272 est'.
356 241 450 272 Unde
480 242 599 273 intueri
629 242 726 273 libet.
756 243 780 273 si
812 243 894 273 bona
925 255 1023 285 opcra
1055 246 1086 275 in
1116 246 1314 276 absconditis
1346 247 1413 276 fieri
1442 246 1613 279 iubentur.
1644 250 1678 277 ut
1702 258 1758 288 pro
1781 248 1842 276 756

107 295 198 325 cuius
227 294 355 325 nomine
380 294 461 324 haec
492 295 644 326 facimus.
674 295 713 325 ab
745 295 814 335 ipso
844 305 1103 327 remuneremur:
1137 297 1212 338 quid
1242 299 1383 339 pertinet
1412 297 1452 328 ad
1485 309 1563 330 rein.
1593 302 1627 328 ut
1652 309 1758 328 coram

108 346 293 378 hominibus
323 347 506 377 ieiunantes
537 351 593 377 aut
626 346 831 377 abstinentes
862 347 1064 381 simulentur,
1096 349 1127 379 in
1158 350 1293 380 secretis
1319 360 1396 380 vero
1422 350 1539 380 nostris
1564 349 1680 380 bovem
1706 354 1760 380 aut

108 409 225 441 equum
250 399 446 440 glutiamus?

211 451 251 482 X,
276 450 414 481 Decimo
440 450 592 491 capitulo.
618 454 653 480 ut
677 461 717 480 ne
742 451 895 491 quislibet
921 462 961 481 ex
980 451 1136 482 ministris
1154 453 1265 483 altaris
1290 453 1384 484 nudis
1403 454 1549 484 cruribus
1568 453 1759 484 admissam

107 502 361 534 eelebrandamss
379 502 534 533 accedere
554 501 680 539 audeat7
706 513 745 532 nc
765 502 928 543 turpitudo
955 503 1024 533 eius
1049 510 1206 545 appareat
1225 509 1256 535 ct
1276 505 1461 536 (1110000101-
1478 505 1580 536 Deus:
1607 506 1757 536 scientes,
1773 512 1816 529 '
1843 515 1887 533 ³12·-

106 555 191 596 quod
217 555 242 585 si
266 555 327 585 hoc
356 555 388 584 in
412 555 486 595 lege
511 554 710 595 prohibitum
737 558 799 584 ost.
829 565 912 585 nunc
942 556 972 585 in
999 560 1201 586 sacramento
1228 557 1348 587 Christi
1379 557 1566 597 diligentius
1592 558 1759 587 obsta-vari

105 607 212 638 debet.
261 606 452 638 Oblationes
484 617 611 647 quoque
642 606 786 636 fidelium
819 607 901 637 tales
934 608 1024 637 fiant.
1054 616 1089 638 ut
1120 608 1212 648 panis
1243 609 1300 639 sit.
1332 620 1395 639 non
1421 614 1537 639 crusta.
1585 608 1758 639 thuimus

107 660 213 697 etiam,
238 670 278 690 ne
304 659 343 690 de
370 669 469 689 cornu
494 658 585 688 bovis
611 658 696 688 calix
714 666 768 688 aut
787 666 905 699 patena
924 660 1016 688 rim-vt
1035 659 1073 689 ad
1092 659 1340 690 sacrificaiuluin
1358 660 1440 691 Deo.
1465 661 1539 701 quia
1558 661 1757 700 sanguineae

108 716 192 743 sunt.
230 711 380 742 Vidimus
406 711 505 742 etiam
529 710 571 740 ibi
597 711 769 751 episcopos
794 711 825 741 in
852 711 998 740 conciliis
1025 711 1090 741 suis
1116 712 1274 742 secularia
1300 712 1444 743 iudicare
1469 713 1758 754 proliibuiinusquc

106 775 162 795 eos
184 774 264 794 voce
290 763 484 804 apostolica:
510 762 624 793 'Nemo
650 762 791 792 militans
808 762 880 793 Deo
904 763 1048 804 implicet
1073 774 1106 794 se
1130 764 1274 805 negociis
1293 765 1505 798 secularibus,
1530 768 1565 794 ut
1589 765 1618 795 ci
1644 765 1780 795 militet-2
1802 770 1922 792 's1[.i.'..¹,4.

107 816 158 847 cui
182 826 216 846 se
239 813 408 856 probavit’.
455 814 708 845 Obsecraviuius
735 814 848 844 ctiam.
874 821 909 844 ut
933 814 1063 845 assidue
1088 826 1202 856 preces
1227 816 1344 846 fici-ent
1369 827 1426 857 pro
1458 817 1595 847 ccclesia
1620 816 1698 847 Dei.
1724 820 1759 846 ut

104 868 196 899 Deus
222 871 255 898 et
277 867 428 898 dominus
451 870 564 896 noster
587 865 680 896 Iesus
700 865 849 896 Christus
875 866 1009 896 exaltet.
1035 868 1234 898 corroboret.
1261 872 1413 909 protegat
1438 875 1470 898 et
1495 868 1658 899 defendat.
1684 879 1756 898 con-

105 923 215 950 servet
238 919 480 950 immaculatam
510 918 550 948 ad
580 918 711 949 laudem
745 922 777 949 et
807 918 941 958 gloriani
970 919 1108 949 nominis
1140 919 1188 949 sui
1220 919 1251 949 in
1282 919 1389 950 omnia
1423 920 1533 950 secula
1565 919 1758 957 seculorum,

104 972 220 1003 Amen.

206 1022 266 1054 XI.
293 1021 496 1053 Undecimus
524 1032 629 1053 sermo
654 1022 714 1052 fuit
747 1021 786 1052 ad
811 1032 905 1063 reges
930 1026 961 1052 et
986 1022 1164 1064 principes¹¹
1189 1026 1225 1053 ut
1250 1023 1395 1063 regimen
1427 1033 1519 1053 suum
1545 1033 1617 1053 cum
1640 1033 1757 1063 magna

105 1075 233 1107 cautela
257 1078 290 1106 et
314 1074 483 1116 disciplina
508 1078 668 1115 peragant
693 1076 724 1104 et
749 1084 820 1104 cum
844 1074 973 1104 iusticia
998 1073 1151 1107 iudicent,
1176 1079 1211 1104 ut
1230 1076 1384 1116 scriptum
1411 1079 1475 1105 cst:
1501 1074 1804 1116 Apprehenditel‘s
1820 1085 1882 1102 111.

103 1127 321 1168 disciplinam,
351 1137 392 1157 ne
425 1125 553 1167 quando
586 1125 746 1155 irascatur
780 1125 937 1155 Dominus
971 1134 1002 1156 ct
1031 1125 1184 1167 percatis'
1210 1135 1270 1157 etc.
1324 1126 1473 1168 Denique
1500 1127 1583 1157 sicut
1609 1127 1758 1168 superius

104 1179 266 1220 episcopis
298 1178 536 1211 intimavimus,
568 1177 760 1207 auctoritate
793 1177 902 1207 divina
926 1177 1121 1208 fiducialiter
1152 1189 1188 1209 ac
1213 1178 1374 1209 veraciter
1404 1178 1526 1219 absque
1552 1178 1617 1209 ullo
1642 1179 1757 1209 timore

104 1230 156 1261 vel
180 1229 367 1261 adulatione
392 1229 479 1270 loqui
508 1228 641 1259 verbum
671 1229 733 1260 Dei
767 1229 914 1270 regibuS,
948 1231 1148 1272 principibus
1174 1231 1390 1272 omnibusque
1416 1231 1649 1272 dignitatibus⁴¹
1676 1241 1757 1261 nun-

103 1293 199 1324 quam
222 1282 394 1312 veritatem
420 1281 665 1322 subterfugere
690 1282 770 1312 nulli
796 1292 945 1323 parcere.
971 1283 1133 1313 neminem
1160 1283 1279 1313 iniuste
1305 1282 1475 1315 damnare*
1501 1283 1663 1313 neminem
1689 1283 1757 1313 sine

103 1345 202 1366 causa
226 1333 521 1370 excommunicaie
556 1333 705 1363 omnibus
730 1333 814 1364 viam
845 1334 959 1364 salutis
984 1339 1049 1364 tam
1075 1335 1182 1365 verbis
1206 1345 1301 1376 quam
1327 1335 1486 1376 exemplis
1520 1334 1756 1365 demonstrare:

102 1388 148 1418 ita
172 1397 299 1429 quoque
324 1396 419 1427 reges
445 1388 477 1416 et
500 1385 666 1427 principes
691 1386 932 1422 admonuimus,
958 1390 993 1416 ut
1017 1386 1171 1417 obediant
1195 1397 1237 1417 ex
1261 1387 1357 1417 corde
1384 1397 1456 1417 cum
1486 1397 1605 1427 magna
1628 1386 1756 1417 humili-

102 1443 170 1470 tate
199 1439 266 1470 suis
297 1438 477 1480 episcopis.
511 1437 586 1479 quia
618 1437 681 1468 illis
713 1437 822 1468 claves
853 1438 935 1469 caeli
965 1437 1059 1468 datae
1085 1443 1174 1470 sunt.
1209 1442 1241 1470 et
1265 1439 1388 1469 habent
1411 1442 1608 1479 potestatem
1634 1437 1757 1479 ligandi

102 1495 200 1532 atque
229 1490 391 1527 solvendi,
424 1495 460 1520 ut
490 1490 646 1531 scriptum
678 1494 742 1520 est2
775 1490 956 1531 ‘Interroga
986 1497 1112 1532 patrem
1143 1494 1234 1521 tuum
1268 1494 1300 1522 et
1330 1490 1539 1521 annunciabit
1564 1491 1639 1529 tibi,
1664 1501 1913 1532 pres-nemean

101 1544 234 1585 byteros
258 1546 332 1573 tuos
358 1546 390 1573 et
414 1542 523 1572 dicent
547 1541 627 1573 tibi'.
674 1542 716 1572 Et
750 1542 827 1573 alibi
856 1543 1037 1584 apostolus:
1072 1542 1224 1574 ‘Obedite
1256 1543 1428 1584 prepositis
1458 1543 1574 1573 vestris
1603 1549 1832 1583 tanquamnebr.
1846 1558 1877 1580 13,
1889 1559 1921 1576 ιτ.

99 1595 251 1634 Domino,
275 1595 336 1636 ipsi
362 1595 448 1626 enim
473 1595 609 1635 vigilant
632 1605 690 1636 pro
716 1594 825 1628 vobis,
851 1596 943 1636 quasi
967 1606 1024 1636 pro
1050 1595 1219 1626 animabus
1243 1596 1362 1626 vestris
1394 1595 1552 1626 rationem
1578 1593 1755 1626 reddituri',

99 1648 257 1679 Dominus
282 1648 352 1689 ipse
377 1646 566 1678 doctoribus
591 1647 648 1677 ait:
679 1647 754 1682 *Qui
786 1658 841 1677 vos
874 1647 982 1683 audit,
1012 1658 1063 1678 me
1096 1647 1203 1680 audin
1233 1648 1287 1689 qui
1311 1650 1420 1678 autem
1445 1657 1502 1678 vos
1527 1647 1668 1689 spernit7
1693 1657 1755 1678 non
1766 1659 1820 1680 Luc.
1836 1663 1868 1685 10,
1883 1663 1914 1682 16,

99 1700 224 1742 spernit
255 1710 328 1736 vos,
359 1699 414 1730 sed
442 1710 530 1734 0001,
563 1700 617 1740 qui
640 1699 729 1729 misit
754 1698 832 1731 vos'.
879 1699 962 1730 Item
988 1710 1046 1741 per
1069 1700 1277 1742 prophetam:
1304 1699 1417 1730 ·Labia
1442 1699 1621 1730 sacerdotis
1647 1704 1755 1730 custo·
1767 1712 1842 1733 Malae*
1858 1716 1877 1738 ε»,
1889 1716 1908 1733 1.

101 1751 192 1782 diunt
216 1751 384 1782 scientiam
409 1755 441 1782 et
466 1752 570 1792 legem
596 1752 763 1793 requirunt
788 1762 829 1782 ex
854 1762 908 1782 ore
934 1752 1012 1785 eius,
1039 1753 1114 1793 quia.
1137 1752 1274 1793 angelus
1300 1751 1431 1782 Domini
1456 1752 1660 1783 exercituum
1684 1750 1755 1782 est⁷.

100 1803 204 1846 Igitur
229 1804 256 1834 si
280 1804 389 1845 angeli
414 1803 601 1834 sacerdotes
628 1804 844 1845 appellantur,
870 1815 886 1834 a
913 1804 1115 1835 secularibus
1133 1804 1269 1835 iudicari
1286 1815 1348 1835 non
1369 1808 1515 1846 possunt,
1539 1807 1574 1834 ut
1591 1803 1756 1845 apostolus

99 1856 157 1886 ait:
183 1855 274 1886 ‘Mihi
303 1859 412 1886 autem
445 1866 502 1897 pro
526 1856 658 1886 minimo
685 1860 749 1886 est.
782 1860 817 1886 ut
842 1867 861 1886 a
884 1856 976 1887 vobis
1001 1856 1133 1893 iudicer,
1159 1859 1215 1886 aut
1239 1857 1278 1887 ab
1303 1856 1445 1887 humana
1469 1855 1536 1886 die:
1567 1855 1622 1897 qui
1645 1859 1756 1886 autem
1768 1872 1785 1889 1,
1796 1869 1844 1889 001,
1860 1853 1910 1893 iffi,

100 1908 223 1939 iudica-t
246 1917 307 1947 me,
331 1907 489 1939 Dominus
516 1907 587 1939 est'.
633 1908 715 1939 Item
734 1919 792 1950 per
808 1909 1026 1951 psalmistam:
1052 1908 1104 1939 Ἐἰ
1122 1909 1275 1950 corripuit
1293 1919 1351 1950 pro
1370 1909 1417 1939 eis
1436 1918 1542 1949 reges,
1564 1908 1610 1938 ita
1628 1907 1754 1938 dicens:
1768 1912 1864 1960 Ρῗ-ᾱιων
1878 1916 1908 1934 14-

100 1960 211 1991 Nolite
235 1964 369 2001 tangere
393 1959 531 1990 christos
555 1971 661 1992 meOS.
687 1964 719 1991 et
743 1961 773 1991 in
799 1960 966 2002 prophetis
992 1961 1073 1991 meis
1097 1961 1199 1991 nolite
1224 1959 1418 2001 malignari‘.
1466 1960 1548 1990 Item
1574 1960 1754 2001 apostolus:

101 2011 271 2051 Nescitis,
302 2013 455 2054 quoniam
488 2013 622 2054 angelos
652 2012 890 2043 iudicabimus?
937 2012 1066 2047 Quanto
1098 2013 1202 2054 magis
1227 2011 1413 2049 secularia',
1445 2012 1519 2053 quia
1553 2012 1636 2042 sicut
1659 2023 1754 2053 reges
1766 2030 1784 2047 1,
1796 2026 1843 2048 Cor.
1859 2028 1907 2048 53,

97 2064 247 2095 omnibus
272 2064 486 2105 dignitatibus
514 2069 689 2106 praesunt,
718 2065 762 2095 ita
795 2069 827 2095 ct
856 2065 999 2106 episcopi
1023 2065 1053 2095 in
1079 2065 1146 2096 his.
1177 2075 1259 2105 quae
1285 2063 1324 2094 ad
1349 2063 1456 2095 Deum
1481 2064 1629 2096 attinent.
1675 2064 1754 2095 Ideo

98 2116 185 2147 omni
209 2116 283 2147 nisu
306 2116 509 2155 homimum*
539 2120 575 2147 ut
599 2116 772 2147 ecelesiam
796 2116 875 2147 Dei.
901 2127 983 2157 quae
1009 2121 1059 2147 cst
1084 2127 1201 2158 sponsa
1227 2116 1366 2153 Christi,
1397 2127 1509 2147 omnes
1539 2116 1699 2146 honorent
1722 2116 1880 2151 111-014811

95 2168 198 2207 facto,
226 2179 267 2199 ne
296 2169 454 2199 iniustum
485 2169 651 2200 servitutis
676 2169 787 2209 iugum
813 2169 843 2199 ei
866 2169 1046 2209 imponant.
1080 2179 1140 2199 nee
1167 2169 1355 2210 superbiant
1379 2169 1410 2198 in
1435 2168 1574 2199 seculari
1598 2168 1753 2209 potentia,

96 2230 157 2251 nec
181 2220 262 2251 alios
288 2220 319 2250 vi
344 2221 539 2262 opprimant,
564 2224 601 2251 ut
625 2221 782 2262 scriptum
807 2225 871 2251 est:
898 2220 951 2251 'Et
976 2221 1079 2251 honor
1103 2221 1188 2261 regis
1213 2220 1368 2251 iudicium
1393 2219 1520 2261 diligiff.
1566 2219 1801 2261 PerpendatpS,
1817 2236 1879 2258 ⁹2³‚4-

99 2273 333 2314 unusquisque,
359 2272 498 2314 qualiter
521 2283 539 2303 a
563 2273 629 2303 suis
653 2273 808 2304 subiectis
834 2284 985 2315 sponsam
1012 2284 1103 2304 suam
1128 2273 1279 2304 honorari
1304 2273 1397 2304 velit.
1428 2277 1459 2303 et
1484 2272 1516 2302 in
1540 2272 1599 2302 hoe
1623 2276 1753 2302 terreno

99 2324 251 2366 exemplo
277 2324 471 2362 consideret‚
497 2328 653 2366 quantum
678 2325 831 2356 caelestis
856 2326 942 2366 regis
966 2336 1119 2367 sponsam
1144 2329 1292 2367 oporteat
1317 2325 1480 2355 venerari.
1506 2335 1546 2354 ne
1572 2323 1670 2364 (quod
1694 2323 1752 2354 ab-

99 2376 154 2417 sit)
183 2375 223 2407 de
253 2376 300 2407 eis
329 2376 467 2407 dicatur:
498 2376 577 2418 *Ipsi
607 2382 844 2418 regnaverunt,
878 2377 934 2408 sed
964 2388 1027 2408 non
1062 2388 1103 2408 ex
1133 2388 1201 2408 me:
1236 2377 1399 2418 principes
1425 2376 1604 2407 extiterunt
1628 2379 1660 2406 et
1687 2385 1751 2405 non
1764 2390 1819 2409 0500
1834 2391 1884 2413 sn.

99 2427 260 2469 cognovi'.
307 2427 371 2459 Sed
396 2429 508 2460 audire
533 2434 734 2460 mereantur:
762 2429 886 2460 Inveni
912 2430 1016 2460 virum
1041 2429 1219 2460 seeundum
1244 2439 1299 2459 cor
1322 2439 1440 2465 meum,
1465 2428 1519 2469 qui
1537 2428 1615 2458 facit
1639 2437 1812 2460 0111003101.
1830 2443 1860 2463 1³,
1873 2442 1905 2461 κε.

97 2480 283 2511 voluntates
305 2479 424 2511 meas':
454 2480 528 2511 ideo
559 2482 663 2523 'posui
688 2481 883 2513 adiutorium
913 2493 1011 2524 super
1034 2480 1213 2523 potentcm’
1240 2485 1282 2511 ·et
1307 2480 1455 2511 odientes
1481 2490 1555 2510 euni
1586 2480 1617 2510 in
1641 2479 1751 2520 fugam
1763 2493 1918 2517 passsam.

101 2531 310 2572 convertam'⁷
333 2535 369 2563 ut
392 2532 645 2573 longaevitatem
670 2534 926 2575 felicitatemque
952 2534 1043 2575 regni
1069 2533 1127 2564 sibi
1154 2533 1284 2574 suisque
1309 2532 1483 2573 nepotibus
1509 2531 1694 2567 distribuat,
1720 2535 1753 2562 et

97 2587 263 2615 aeternam
297 2584 398 2615 futuri
432 2585 524 2626 regni
559 2585 694 2626 gloriam
731 2585 906 2617 concedat:
943 2586 1150 2626 habeantque
1186 2595 1282 2625 reges
1319 2584 1523 2615 consiliarios
1562 2583 1751 2625 prudentes.r

96 2635 273 2667 Dominum
297 2636 461 2667 timentes.
487 2637 630 2668 moribus
655 2637 820 2669 honestos.
846 2641 881 2667 ut
903 2637 1042 2679 populus
1068 2637 1160 2667 bonis
1185 2636 1346 2677 exemplis
1376 2647 1489 2676 regum
1515 2639 1547 2666 et
1570 2636 1751 2677 principum

99 2687 245 2719 eruditus
271 2691 303 2718 et
327 2688 539 2725 confortatus,
564 2689 711 2730 proficiat
736 2689 768 2719 in
792 2689 920 2720 laudem
947 2694 978 2720 et
1002 2689 1139 2729 gloriam
1165 2688 1395 2730 omnipotentis
1421 2687 1492 2719 Dei.

201 2739 280 2770 XII.
310 2739 514 2771 Duodecimo
545 2751 695 2771 sermone
727 2741 911 2779 sanximus,
944 2745 978 2771 ut
1009 2741 1039 2771 in
1069 2740 1271 2771 ordinatione
1304 2750 1416 2780 regum
1448 2740 1557 2770 nullus
1586 2740 1753 2781 permittat

99 2801 272 2832 pravorum
296 2791 485 2832 praevalere
511 2802 697 2831 assensum,
722 2793 779 2824 scd
804 2793 950 2833 legitime
975 2804 1071 2834 reges
1094 2803 1113 2823 a
1139 2791 1364 2823 sacerdotibus
1389 2796 1422 2822 et
1441 2791 1622 2822 senioribus
1640 2791 1753 2833 populi
