2089 3171
75 731 99 749 Ιυ

74 990 96 1008 15

72 1248 97 1267 20

70 1506 95 1525 25

69 1770 95 1789 30

69 2032 94 2051 ³5

68 2293 93 2311 40

67 2580 91 2598 ⁴5

618 151 787 177 LEIDRADI
809 152 1061 178 LI‘GDL'NENSIS
1082 152 1285 178 EPISTOLAE.
1714 155 1776 184 545

138 264 317 288 (ᾺΒΙΞΞΙΜΕ
336 266 378 289 Ac
403 266 713 290 SUSI'ICIEN'I'ISSIME
736 266 768 290 IN
794 266 940 290 culus'ro
964 267 1094 294 SANUI'E
1118 267 1238 291 soum—:1
1262 267 1457 290 laellileiujs
1481 267 1581 290 IACET
1604 267 1767 290 minuma<
1789 257 1994 288 (2798—*15

186 307 419 333 LL'CDL'NENSIS
439 309 599 339 ECCLESLF.
618 310 798 334 EPISCOPUS
819 310 852 333 IN
872 310 1006 333 DOMINO
1028 310 1100 333 113le
1121 310 1267 333 (flllvus'ro
1287 310 1531 333 sliMPl'l'EltNAM
1552 310 1721 333 SALUTEM.

232 358 438 400 Cognoscere
464 359 615 401 dignetur
644 360 815 402 prudentia
840 361 996 391 almitatis
1023 366 1074 398 tue
1099 372 1157 391 nos
1182 361 1272 391 iuxta
1297 361 1415 391 donum
1442 361 1591 392 donantis
1617 360 1679 391 Dei
1705 361 1778 391 viri-

130 410 189 441 bus
208 411 351 452 eorporis
369 412 603 453 aliquantisper
621 413 748 443 valere¹
772 417 803 444 et
829 412 1005 443 secundum
1031 413 1113 453 quod
1139 424 1173 443 se
1198 413 1321 443 incerta
1347 413 1434 443 salus
1458 417 1588 454 propter
1607 416 1778 454 suspectos

129 472 222 492 casus
255 463 316 500 vite
348 462 444 493 huius
475 463 591 495 habet.
625 464 664 494 de
700 465 804 495 salute
838 469 949 495 nostra
983 465 1105 506 gratias
1138 464 1209 495 Deo
1243 464 1371 495 debere.
1435 464 1563 495 Deinde
1600 464 1777 495 secundum

127 514 232 545 vires³
260 515 357 545 animi
393 525 551 546 memores
589 526 646 546 nos
680 526 752 547 esse
790 517 820 546 in
857 516 1057 547 orationibus
1094 517 1211 547 nostris
1241 527 1297 558 pro
1333 517 1438 547 salute
1470 521 1577 547 vestra
1607 517 1778 558 temporali

127 569 159 596 et
183 570 302 603 eterna.
346 566 414 597 Vos
440 577 581 608 quoque.
607 568 632 598 si
659 568 741 598 bene
768 568 891 598 valetis.
917 573 948 598 et
972 569 1002 598 in
1029 568 1228 598 orationibus
1253 569 1369 598 vestris
1395 568 1485 599 iuxta
1511 568 1595 609 quod
1621 568 1660 599 de
1687 568 1777 598 vobis

128 617 334 648 confidimus.
359 629 517 649 memores
544 619 644 649 nostri
670 620 762 651 estis.
789 620 952 650 inmensas
976 620 1048 651 Deo
1074 620 1244 650 referimus
1269 620 1400 661 gratias.
1428 631 1465 650 eo
1491 620 1574 660 quod
1601 619 1777 650 secundum

125 669 208 710 quod
233 669 455 700 desideramus
481 682 554 702 esse
580 682 636 701 vos
663 676 798 702 constat.

230 721 315 752 Novi
348 726 456 753 autem
489 723 631 754 animum
666 727 809 754 vestrum
844 734 948 766 nuper
981 724 1166 755 vehementi
1201 724 1312 755 dolore
1346 724 1531 765 perculsum
1566 724 1654 766 prius
1689 722 1777 765 [ob]b

124 776 261 804 mortem
291 774 364 804 filii.
395 779 509 815 postea
540 775 659 806 fratris.
706 774 748 805 Et
778 776 887 816 utique
918 775 998 806 tanti
1029 775 1133 806 solatii
1166 776 1305 817 privatio
1339 776 1428 806 nullo
1453 775 1550 806 modo
1582 786 1641 806 nos
1671 778 1777 817 potest

125 825 195 856 sine
220 826 311 866 gravi
337 825 448 857 dolore
473 826 572 862 affici.
605 828 756 868 quoniam
783 827 821 858 de
847 838 982 869 quorum
1008 823 1086 858 vita*
1104 827 1300 868 gaudemus.
1337 831 1578 868 consequenter
1603 827 1642 857 de
1667 838 1776 857 eorum

124 880 228 908 morte
247 876 404 909 dolemus.
444 878 486 909 Et
504 882 594 909 tanto
613 880 733 910 maiore
753 880 881 910 tristitia
909 890 964 910 cor
986 884 1132 910 nostrum
1152 880 1269 921 premit
1286 880 1520 920 cuiuscumque
1539 890 1632 910 mors.
1659 884 1776 921 quanto

124 929 246 960 maiore
278 930 379 967 letitia
409 931 603 962 sublevabat
633 931 706 961 vita.
753 931 867 972 Neque
898 932 981 961 enim
1013 931 1083 961 iura
1112 936 1225 962 nature
1254 932 1405 973 poenitus
1437 932 1629 972 extinguere
1659 941 1775 972 possu-

125 991 211 1018 mus,
241 992 281 1012 ne
306 981 490 1013 doleamus.
525 983 581 1014 sed
608 984 742 1014 forsitan
768 983 902 1014 consilio
928 984 1064 1014 meliore
1089 984 1207 1017 lenire..
1240 988 1275 1014 ut
1299 984 1492 1015 toleremus.
1525 994 1564 1015 ne
1590 985 1672 1014 forte
1699 995 1775 1014 0011-

123 1032 241 1075 ῐίηὲᾶϊ..
273 1036 309 1064 ut
333 1033 407 1064 dum
433 1035 552 1065 amoris
578 1047 702 1077 sequax
733 1037 860 1067 animus
886 1046 942 1077 pro
967 1036 1116 1077 proximo
1149 1035 1238 1066 dolet
1261 1040 1297 1066 ut
1322 1036 1473 1068 blandus.
1508 1036 1634 1066 iudiciis
1660 1035 1776 1066 divinis

124 1084 284 1115 efficiatur
308 1085 465 1117 infensus.
513 1086 615 1117 Multa
648 1088 732 1118 enim
761 1088 960 1119 discretione
993 1099 1073 1129 opus
1104 1095 1171 1118 est.
1203 1093 1238 1118 ut
1267 1089 1298 1118 in
1329 1088 1514 1119 huiusmodi
1545 1088 1668 1119 damnis
1694 1088 1776 1118 inter

122 1135 229 1167 Deum
256 1136 452 1168 iudicantem
478 1143 510 1169 et
535 1140 717 1180 proximum
749 1141 939 1170 morientem
971 1140 1124 1181 equitatis
1154 1143 1299 1171 tenorem
1332 1151 1395 1170 non
1426 1141 1663 1181 relinquamus,
1696 1150 1774 1180 qua-

123 1192 217 1219 tenus
253 1193 284 1220 et
313 1190 492 1221 iustissimo
528 1191 625 1222 iudici
660 1192 776 1232 ingrati
810 1203 873 1222 nou
907 1192 1101 1223 existamus.
1137 1196 1169 1223 et
1201 1196 1328 1223 mortuo
1362 1193 1508 1234 proximo
1545 1193 1775 1234 compassionis

125 1240 268 1271 dolorem
294 1241 383 1272 iuxta
409 1253 594 1273 mensuram
626 1243 850 1275 exhibeamus.
898 1244 1104 1275 Audiendum
1136 1245 1266 1275 omnino
1297 1250 1347 1275 est
1378 1245 1544 1275 eonsilium
1570 1244 1657 1275 beati
1683 1244 1774 1274 Pauli

122 1293 261 1333 apostoli
279 1292 432 1324 dicentis:
459 1293 552 1325 'Nolo
570 1299 680 1326 autem
699 1306 765 1334 vos,
790 1296 918 1327 fratres.
945 1297 1127 1327 contristari
1146 1296 1185 1327 de
1204 1295 1460 1327 dormientibus.
1486 1296 1517 1327 id
1535 1303 1584 1327 est
1608 1296 1774 1327 morienti·
1787 1301 1923 1324 1.The.=s.⁴.
1941 1306 1971 1323 12.

121 1343 191 1381 bus,
215 1344 311 1376 ‘sicut
334 1350 366 1376 et
391 1347 501 1385 ceteri,
527 1347 581 1388 qui
605 1357 694 1388 spem
720 1358 784 1378 nou
809 1348 930 1379 habent
955 1347 1223 1380 resurrectionis.

224 1396 323 1427 Aliud
349 1402 398 1428 est
423 1399 506 1429 enim
526 1398 689 1430 infidelem
708 1399 883 1430 infideliter
906 1400 983 1431 flere
1008 1404 1180 1431 mortuum.
1207 1401 1297 1441 quasi
1325 1411 1364 1431 ex
1391 1404 1456 1431 toto
1482 1400 1654 1442 perditum.
1680 1410 1775 1441 quem

121 1458 183 1478 11011
208 1445 323 1490 speret*
343 1460 416 1481 esse
442 1451 618 1481 victurum:
645 1451 732 1482 aliud
757 1455 807 1482 est
832 1451 962 1482 fidelem
980 1451 1121 1482 fideliter
1138 1456 1299 1482 mortuum
1318 1453 1448 1482 interim
1467 1451 1652 1482 condolere.
1679 1461 1774 1492 quem

123 1510 188 1531 11011
221 1500 349 1532 dubitat
380 1512 454 1533 esse
485 1507 754 1534 resurrecturum.
810 1503 851 1534 Et
881 1514 1091 1545 quamquam.
1120 1507 1156 1534 ut
1186 1504 1336 1545 superius
1367 1504 1488 1534 dictum
1519 1509 1581 1539 est.
1618 1503 1687 1534 fieri
1712 1514 1773 1533 non

121 1552 239 1593 possit.
268 1556 304 1584 ut
333 1554 403 1584 eius
432 1554 526 1585 nobis
551 1566 614 1585 non
641 1555 683 1585 sit
706 1566 792 1586 mors
822 1566 948 1592 amara.
981 1556 1071 1586 'cuius
1100 1555 1203 1586 dulcis
1236 1560 1286 1586 est
1310 1556 1392 1586 vita.
1427 1560 1458 1586 et
1487 1556 1561 1587 111110
1592 1556 1633 1586 sit
1666 1556 1773 1586 luctus

121 1603 253 1635 humani
283 1608 315 1636 et
347 1605 516 1637 affectuosi
549 1607 654 1637 cordis
691 1608 783 1648 quasi
809 1607 926 1638 vulnus
955 1612 1010 1638 aut
1039 1608 1146 1638 uleus.
1178 1612 1263 1638 recte
1296 1613 1405 1638 tamen
1436 1608 1510 1638 111110
1540 1608 1684 1638 sanando
1716 1607 1772 1638 ad-

120 1655 274 1688 hibentur
297 1658 441 1689 officiose
464 1659 713 1690 consolationes.
754 1658 813 1689 Est
837 1659 922 1689 enim
948 1659 1033 1700 quod
1059 1662 1201 1695 sanetur.
1227 1664 1259 1690 et
1276 1665 1396 1701 quanto
1421 1665 1472 1690 est
1497 1660 1623 1690 animus
1648 1660 1772 1690 melior.

122 1712 212 1740 tanto
237 1709 268 1740 in
294 1720 332 1740 eo
358 1711 450 1740 citius
476 1711 668 1752 faciliusque
694 1715 836 1742 sanetur.
877 1710 958 1741 Cum
984 1711 1082 1751 igitur
1105 1711 1144 1741 de
1171 1712 1411 1742 carissimorum
1437 1712 1604 1745 mortibus.
1630 1712 1772 1743 maxime

122 1770 257 1801 quorum
281 1766 356 1792 sunt
379 1762 538 1794 humanec
556 1764 704 1794 societati
731 1763 837 1793 officia
862 1763 1054 1798 necessaria,
1081 1773 1165 1793 nune
1190 1764 1309 1794 mitius.
1335 1775 1420 1794 nunc
1446 1765 1593 1806 asperius
1611 1765 1774 1805 affligatur

121 1813 188 1844 vita
210 1815 406 1847 mortalium.
432 1819 540 1846 tamen
567 1816 612 1846 eis
639 1826 719 1857 quos
744 1816 909 1857 diligimus
934 1816 1048 1846 iustius
1068 1816 1344 1856 congratulamur.
1370 1827 1442 1846 cum
1461 1817 1651 1847 moriuntur.
1677 1827 1773 1857 quam

119 1865 311 1897 toleramus.
346 1877 416 1897 euin
442 1878 460 1897 a
484 1867 546 1898 fide
573 1868 623 1898 vel
648 1867 741 1898 bonis
772 1868 916 1898 moribus
948 1868 1112 1899 labuntur.
1160 1867 1244 1903 Quia
1269 1869 1441 1909 temptatio
1467 1873 1516 1899 est
1542 1869 1606 1899 vita
1632 1869 1771 1899 humana

120 1927 218 1959 super
240 1921 369 1949 terram.
411 1918 467 1949 Et:
494 1918 553 1949 *Vc
579 1919 698 1950 mundo
723 1918 970 1950 ab-scandalis'.
1011 1919 1053 1949 Et
1078 1930 1148 1950 cum
1173 1930 1259 1951 mors
1285 1931 1395 1951 eorum
1422 1931 1478 1951 nos
1497 1921 1678 1951 contristat.
1704 1921 1773 1962 ipsa

119 1969 236 2000 iterum
272 1971 467 2002 consoletur.
498 1971 570 2012 quia
603 1976 775 2001 caruerunt
803 1971 913 2003 malis.
946 1971 1062 2012 quibus
1094 1971 1124 2001 in
1157 1971 1217 2002 hac
1243 1972 1309 2003 vita
1339 1972 1415 2003 boni
1445 1972 1592 2003 homines
1618 1973 1668 2003 vel
1698 1983 1772 2003 con-

124 2022 294 2053 terunturd
319 2025 370 2054 vel
395 2023 616 2066 depravantur
641 2025 691 2055 vel
716 2025 747 2054 in
771 2028 908 2065 utroque
938 2024 1174 2065 periclitantur.
1222 2023 1328 2055 Crede
1353 2025 1443 2065 quia.
1475 2028 1510 2054 ut
1534 2025 1611 2055 mihi
1636 2025 1773 2057 videtur.

120 2084 161 2105 ex
186 2075 289 2106 altera
313 2079 405 2116 parte
431 2077 517 2107 omni
544 2077 693 2107 morienti
719 2075 1009 2117 congratulandum
1036 2080 1094 2107 est.
1120 2087 1159 2107 ne
1186 2077 1267 2107 forte
1293 2077 1317 2106 si
1342 2077 1488 2108 vixisset.
1515 2077 1605 2118 peior
1630 2077 1772 2108 obiisset.

121 2126 185 2157 Sed
210 2127 286 2168 quia
310 2127 341 2158 id
367 2127 550 2158 hominibus
577 2128 704 2159 suaderi
739 2139 799 2158 non
830 2131 951 2169 potest.
982 2128 1060 2158 illud
1094 2128 1257 2159 subtiliter
1288 2128 1559 2159 considerandum
1591 2132 1654 2161 cst.
1689 2129 1771 2169 quod

119 2189 192 2210 cum
218 2189 329 2210 omnes
355 2180 510 2210 mortales
536 2185 567 2210 et
591 2181 739 2211 morituri
758 2185 960 2210 nascamur?
987 2180 1040 2211 alii
1059 2181 1240 2211 moriuntur
1264 2181 1295 2210 in
1320 2182 1419 2211 uteris
1445 2185 1592 2211 matrum.
1618 2181 1670 2211 alii
1697 2192 1772 2211 mox

120 2231 151 2261 in
175 2230 258 2262 hanc
283 2232 388 2262 lucem
413 2232 521 2263 effusi:
546 2238 577 2262 et
602 2232 757 2274 deinceps
784 2243 847 2263 non
873 2232 1033 2262 invenitur
1051 2233 1104 2274 qui
1127 2237 1316 2263 numeretur
1340 2232 1409 2263 dies
1435 2237 1490 2263 aut
1515 2243 1627 2263 annus.
1654 2234 1684 2263 in
1710 2244 1771 2274 quo

121 2293 183 2313 non
206 2293 290 2314 mors
315 2294 488 2315 occurrens
512 2284 696 2325 intercipiat
714 2285 811 2314 vitam
838 2284 916 2314 eius
943 2285 995 2325 qui
1020 2284 1124 2315 adhuc
1142 2285 1251 2315 vivere
1269 2284 1368 2315 vellet
1386 2295 1486 2325 seque
1505 2285 1614 2315 vivere
1633 2290 1770 2326 putaret.

223 2334 305 2366 Cum
329 2335 386 2374 hee
411 2336 510 2377 igitur
534 2338 579 2366 ita
604 2335 690 2367 sintf.
715 2336 862 2377 diligenti
887 2335 1170 2367 considerationess
1194 2339 1346 2367 mutatur.
1373 2336 1551 2367 cotidianas
1575 2336 1646 2367 Deo
1672 2337 1771 2368 ‹lebo-

119 2397 190 2417 mus
215 2390 326 2428 grates
351 2386 538 2420 exsolvere.
565 2388 641 2429 quia
666 2387 755 2418 dedit
780 2387 864 2429 quod
890 2388 1043 2423 viximus.
1069 2388 1222 2429 quamdiu
1246 2389 1401 2419 viximus.
1427 2399 1488 2418 non
1515 2388 1624 2419 dolere
1649 2389 1688 2419 de
1714 2389 1772 2419 hoc

119 2439 202 2480 quod
220 2440 383 2470 morimur.
409 2441 493 2471 ultra
518 2440 602 2481 quod
621 2450 793 2481 numquam
812 2441 997 2481 accepimus
1021 2443 1056 2470 ut
1080 2441 1276 2471 viveremus.
1317 2440 1449 2476 Quish2,
1475 2451 1564 2482 rogo.
1590 2452 1651 2472 non
1675 2442 1770 2472 mori-

222 2535 263 2560 31.
300 2540 323 2561 3)
338 2537 436 2561 viribus
450 2537 479 2560 Ι).
558 2536 581 2562 ¹¹»
600 2546 648 2561 um.
662 2537 690 2560 Ι).
773 2542 795 2567 C)
813 2538 925 2561 humana
939 2537 969 2561 P.
1050 2536 1075 2569 (¹)
1089 2533 1253 2562 conterentur
1268 2537 1296 2561 Γ.
1368 2542 1390 2562 01
1412 2546 1548 2563 nascamus
1563 2539 1592 2562 Ι).
1664 2538 1682 2570 f)
1696 2540 1729 2563 sit
1742 2539 1771 2563 P.

119 2580 144 2609 Β)
163 2587 199 2602 an
218 2588 269 2603 uon
288 2579 456 2604 addendum?
527 2578 551 2611 ¹¹)
571 2589 635 2611 quos
656 2580 684 2604 P.

117 2629 181 2656 dam
202 2630 230 2655 in
251 2630 310 2656 loeo
329 2630 376 2664 qui
396 2633 512 2656 vocatur
532 2631 623 2656 insula,
636 2631 757 2657 Barbara
777 2632 861 2657 situm
882 2641 912 2657 ac
933 2632 961 2657 in
982 2632 1161 2657 veneratione
1176 2631 1265 2657 sancti
1280 2631 1394 2657 Martini
1410 2632 1770 2665 antiquitusfconstructum

117 2673 321 2699 reaedificasset.
340 2676 368 2699 et
387 2674 536 2700 monachos
556 2674 658 2700 ibidem
680 2675 829 2700 secundum
845 2675 968 2708 regulam
990 2675 1076 2701 sancti
1102 2675 1244 2701 item-(livii
1260 2696 1264 2700 .
1281 2696 1285 2700 .
1303 2684 1355 2700 una
1377 2685 1438 2700 euni
1459 2676 1560 2701 abbate
1581 2686 1673 2702 eorum
1693 2677 1771 2703 (Jam-

116 2716 199 2751 pione
219 2716 351 2743 videlieet
371 2717 481 2742 nominc·
502 2717 701 2743 constituisset.

223 2762 247 2791 l)
267 2760 310 2786 De
334 2760 483 2786 valetudiue
507 2761 563 2786 eins
586 2762 656 2786 mala
680 2762 714 2793 cs.
734 2769 816 2794 snpra
835 2770 860 2793 J).
877 2766 927 2787 :342
947 2766 1008 2787 ›1.·.).
1103 2763 1129 2787 2«
1153 2761 1297 2787 Fortunat.
1318 2761 1353 2786 ml
1380 2762 1512 2795 (Viilpcri'ts.
1535 2771 1584 2795 77'51.
1606 2772 1624 2788 r.
1641 2767 1673 2789 457¹
1691 2763 1770 2796 (Opp-

67 2810 77 2826 -'=
116 2807 183 2837 poet.
205 2803 243 2830 ecl.
258 2803 312 2829 Leo
325 2812 353 2836 p.
367 2807 440 2835 2017:
461 2804 536 2836 Quis.
557 2813 632 2837 rogo,
653 2812 707 2830 nou
728 2804 846 2830 moritur
864 2807 980 2831 mortem
1000 2810 1132 2837 gustante
1152 2806 1261 2830 saluto-'5

221 2855 363 2881 Eris'rotixr.
378 2855 423 2881 IV.
1410 2842 1414 2846 Ι
1530 2860 1563 2883 69

1785 1929 1862 1949 Matth,
1875 1932 1905 1950 1³².
1917 1932 1935 1949 ῖ.
