2089 3171
38 908 63 927 10

38 1167 62 1185 15

674 175 824 202 ALCVINI
843 175 1051 202 EPISTOLAE.
1093 176 1152 202 219.
1683 177 1743 206 363

880 340 952 370 219.
1760 349 1786 369 c.
1811 339 1868 369 801

192 400 346 431 Alcvinus
368 399 527 431 monachis
548 399 772 430 Lirinensibus
801 399 838 430 (Ie
869 399 965 430 bonae
988 400 1232 430 conversationis
1250 399 1343 440 fama
1373 399 1569 439 yratnlatar,
1602 399 1746 438 precibus

88 461 194 481 eorum
216 460 248 481 sc
271 451 471 489 commendat,
495 451 538 482 ad
560 453 701 482 medicam
725 451 887 482 caritatem
911 453 939 482 et
956 461 1066 490 pacem
1090 461 1139 481 cos
1162 450 1355 481 estem-tatur.
1537 461 1562 481 c.
1586 453 1658 482 801.

195 510 255 536 Cocl.
275 511 306 536 H
321 511 368 542 sol.
383 513 519 537 42-43¹³.

194 553 265 579 Edd.
287 553 381 585 F216,
401 553 488 579 J249.
510 568 541 571 ——
563 553 655 586 ssIiyne
675 553 721 578 eol.
735 557 795 578 495.

162 650 376 674 RELEGIOSAE
395 650 675 675 CONGREGATIONI
695 649 909 674 SANCTISSIMI
928 649 1050 673 PATRIS
1069 649 1265 674 ΗΟΧΟΒΑΤΙ1
1287 650 1483 674 ALCHVINL‘S
1503 651 1674 674 DlAwass

831 692 1004 716 SALUTEM.

193 742 391 784 Congaudeo
422 744 559 774 multum
594 743 634 774 de
666 744 787 784 optima
817 743 903 773 fama
934 743 1190 773 conversationis
1222 747 1365 775 vestrae.
1402 748 1434 774 et
1471 744 1629 785 regularis
1663 745 1747 774 vitae

89 795 328 833 observatione,
354 800 386 826 et
412 796 483 836 piae
508 796 598 836 pacis
623 796 851 826 unanimitate.
878 805 973 835 quam
999 795 1187 825 testimonio
1213 799 1394 825 nostrorum
1419 796 1470 826 vel
1496 795 1631 826 aliorum
1657 796 1747 826 audi-

88 847 202 878 vimus.
241 846 305 877 Sed
331 849 450 878 certius
475 847 590 878 horum
615 847 750 878 fratrum
769 846 948 877 relatione2
972 843 1070 877 omne
1083 847 1213 883 bonum.
1240 847 1323 877 sicut
1340 846 1574 878 desideramus.
1600 847 1639 877 de
1658 847 1749 878 vobis

90 898 275 933 audientes,
305 898 426 929 idcirco
451 898 628 930 studiosius
652 909 758 930 meam
782 898 979 940 parvitatem
1005 898 1127 928 sanctis
1153 898 1353 929 orationibus
1378 899 1495 930 vestris
1521 899 1749 929 commendare

90 960 256 988 curamus,
286 950 519 992 deprecantes.
550 954 585 981 ut
615 951 717 981 nostri
747 950 886 981 nominis
917 950 1039 981 habere
1071 950 1250 991 dignemini
1282 951 1487 982 memoriam:
1517 951 1599 981 sicut
1631 951 1750 981 beatae

89 1002 266 1033 memoriae
296 1006 389 1044 pater
412 1006 522 1033 vester
547 1002 752 1034 venerandus
783 1002 858 1032 olim
884 1002 960 1032 mihi
985 1002 1202 1043 perdonatum
1227 1001 1349 1032 habere
1375 1002 1552 1037 credimus,
1585 1002 1669 1043 quod
1700 1002 1750 1032 his

89 1053 220 1091 litteris,
252 1054 432 1095 horumque
469 1054 563 1084 simul
600 1054 736 1084 fratrum
768 1054 975 1094 suggestione
1004 1064 1161 1084 renovare
1192 1053 1378 1084 studemus:
1413 1055 1487 1095 quia
1515 1064 1684 1094 magnam.
1717 1058 1752 1084 ut

89 1105 207 1143 fateor,
237 1105 389 1136 fiduciam
419 1105 459 1136 de
482 1105 555 1136 Deo
581 1105 792 1136 servientium
818 1105 1054 1136 intercessione
1083 1105 1116 1136 in
1141 1105 1246 1136 cordis
1271 1104 1445 1136 dulcedine
1470 1105 1646 1136 habemus:
1677 1106 1751 1146 quia

90 1157 176 1198 quod
200 1157 279 1188 mihi
304 1157 399 1188 deest
423 1158 453 1187 in
478 1157 612 1191 meritis,
638 1157 766 1187 illorum
791 1157 951 1198 precibus,
976 1158 1136 1198 largiente
1162 1157 1271 1188 divina
1298 1158 1417 1198 gratia,
1442 1157 1632 1198 possidereb
1658 1164 1750 1198 opta-

89 1219 172 1240 mus.
212 1208 297 1244 Quid
322 1212 382 1247 est,
408 1209 493 1250 quod
517 1210 570 1250 pia
594 1209 791 1240 unanimitas
816 1214 950 1240 sanctae
977 1210 1241 1250 congregationis
1265 1220 1326 1240 non
1346 1209 1454 1240 valeat
1471 1210 1647 1250 impetrare
1666 1209 1750 1251 apud

89 1271 180 1300 eum,
212 1261 265 1302 qui
295 1261 352 1292 ait:
387 1261 462 1292 ‘Ubi
491 1264 566 1292 sunt
596 1260 658 1292 duo
682 1261 735 1292 vel
766 1265 831 1291 tres
855 1262 1046 1302 congregati
1076 1262 1109 1292 in
1134 1262 1263 1292 nomine
1290 1272 1376 1292 meo.
1410 1261 1454 1291 ibi
1487 1271 1557 1292 sum
1585 1262 1619 1292 in
1644 1261 1750 1292 medio
1762 1273 1916 1294 naama-,o

89 1311 233 1344 eorum’?
280 1311 367 1347 Quid
391 1316 441 1343 est
465 1312 602 1350 dulcius7
630 1323 726 1354 quam
752 1312 916 1343 Christum
941 1323 1070 1354 semper
1093 1313 1216 1344 habere
1241 1316 1461 1354 praesentem.
1489 1323 1583 1354 quam
1608 1313 1664 1343 filii
1691 1312 1751 1343 Dei

90 1365 216 1404 vocari,
245 1364 317 1406 ipsa
347 1364 482 1395 veritate
513 1364 658 1395 dicente:
696 1363 801 1394 ‘Beati
833 1364 977 1405 pacifici.
1014 1364 1163 1405 quoniam
1198 1364 1254 1394 filii
1286 1364 1347 1394 Dei
1379 1364 1614 1395 vocabuntur'l‘
1672 1364 1862 1397 Ideoa..f..-.⁴.

92 1416 372 1458 pernecessarium
404 1421 455 1447 est
485 1415 647 1449 omnibus.
682 1416 738 1446 sed
769 1416 873 1457 magis
908 1416 939 1446 in
970 1426 1060 1446 sacro
1093 1415 1205 1447 ordine
1237 1417 1397 1457 regularis
1429 1417 1514 1447 vitae
1547 1416 1750 1457 degentibus.

91 1467 283 1498 concordiae
306 1467 437 1498 >bonum
470 1468 557 1498 omni
589 1467 694 1498 studio
726 1467 900 1499 observare
932 1472 964 1498 et
989 1469 1077 1509 pacis
1102 1469 1367 1500 unanimitatem:
1403 1469 1478 1510 quia
1502 1469 1555 1509 qui
1581 1469 1750 1499 veritatem

91 1523 223 1550 sanetae
244 1519 333 1561 pacis
350 1529 412 1550 non
430 1519 626 1552 custodiunt.
652 1519 844 1560 dignitatem
869 1519 926 1550 filii
945 1519 1082 1561 perdere
1102 1524 1225 1550 certum
1244 1524 1306 1551 est:
1333 1519 1473 1557 *videte’.
1499 1520 1581 1551 dixit
1598 1521 1749 1562 egregius
1762 1536 1808 1554 ιω,
1825 1538 1843 1554 r„
1861 1537 1890 1553 15..

91 1571 215 1607 doctor,
246 1571 283 1602 ‘si
308 1571 446 1602 invicem
471 1571 642 1602 mordetis.
673 1582 713 1602 ne
743 1572 881 1602 invicem
912 1570 1168 1603 consumamini'.
1215 1571 1287 1602 Non
1319 1576 1427 1613 potest
1456 1576 1544 1603 recte
1575 1572 1660 1603 filius
1690 1572 1752 1603 Dei

59 1653 62 1657 ,
90 1622 167 1661 dici,
197 1623 251 1664 qui
280 1633 395 1664 pacem
425 1633 489 1653 non
518 1623 587 1653 vult
623 1623 787 1664 amplecti.
846 1623 916 1654 Pax
948 1623 1153 1654 concordiam
1184 1625 1319 1654 fratrum
1352 1628 1384 1655 et
1419 1625 1585 1655 caritatem
1622 1625 1754 1666 copulat

39 1690 62 1708 25

40 1947 66 1966 30

41 2205 66 2224 ³5

44 2810 68 2829 45

91 1675 321 1716 proximorum.
369 1675 499 1706 ‘Pacem
524 1674 651 1706 meam‘.
681 1674 764 1705 dixit
788 1675 951 1709 dominus,
983 1675 1033 1705 ‘do
1059 1675 1167 1706 vobis.
1199 1686 1311 1717 pacem
1338 1686 1443 1706 meam
1469 1677 1616 1717 relinquo
1641 1675 1903 1712 voluis’.1.r,h‚1⁴>2;,

91 1726 122 1758 id
147 1730 206 1765 est7
230 1727 261 1757 in
286 1737 367 1768 paee
392 1726 499 1757 dimisi
524 1737 593 1757 vos.
618 1727 649 1757 in
674 1737 755 1768 pace
780 1727 943 1757 inveniam
968 1737 1034 1757 vos.
1082 1727 1298 1758 Proficiscens
1324 1728 1426 1758 voluit
1451 1728 1528 1758 darc
1555 1738 1638 1769 quae
1665 1727 1752 1758 desi—

91 1778 228 1810 derabat
250 1778 382 1809 rediens
407 1779 439 1809 in
464 1779 612 1809 omnibus
636 1778 794 1809 inveniro.

194 1829 245 1861 De
269 1830 329 1861 hac
353 1830 426 1872 piae
450 1831 540 1871 pacis
564 1830 711 1861 bonitate
736 1829 809 1861 ideo
835 1829 1022 1871 diligentius
1048 1841 1190 1871 suggero
1216 1831 1319 1862 vobis.
1347 1832 1507 1862 carissimi
1525 1832 1653 1862 fratres.
1679 1832 1751 1872 quia

91 1882 234 1913 maxime
268 1882 356 1913 fraus
387 1882 545 1913 diabolica
576 1882 840 1913 murmurationis
872 1883 1026 1923 sagittarii
1058 1883 1143 1913 inter
1172 1883 1287 1913 fratres
1319 1884 1483 1915 inmittere
1514 1884 1611 1914 solet.
1649 1884 1752 1913 sciens

92 1933 269 1975 perfectam
294 1933 337 1964 ibi
362 1944 426 1964 non
451 1945 524 1965 esse
550 1934 733 1971 caritatem.
756 1933 819 1965 ‚ubi
844 1934 1107 1964 murmurationis
1138 1934 1203 1965 telo
1230 1935 1373 1965 caritatis
1398 1936 1615 1966 unanimitasc
1640 1935 1754 1966 vulne-

92 1988 191 2017 ratur.
238 1984 364 2016 Caritas
395 1989 459 2017 cst.
492 1996 575 2027 quae
607 1986 750 2027 cooperit
774 1985 1018 2017 multitudinem
1040 1990 1262 2027 peccatorum.
1295 1988 1363 2018 sine
1393 1998 1457 2029 qua
1488 1989 1586 2018 etiam
1618 1995 1915 2029 pcccatarrstnm.

91 2047 156 2068 non
185 2037 404 2068 dimittuntur:
435 2048 531 2078 quam
561 2037 677 2068 beatus
707 2038 876 2080 apostolus
906 2038 937 2068 in
968 2041 1095 2070 tantum
1119 2038 1278 2070 laudavit.
1312 2044 1345 2070 ut
1375 2050 1434 2070 nec
1466 2040 1662 2076 martirium.
1695 2035 1917 2081 irecC¹':5}-‘'¹’¹‘'¹³'·

92 2088 216 2120 saeculi
244 2092 482 2130 contemptum,
520 2099 580 2120 nec
610 2089 813 2120 flammarum
842 2089 994 2121 incendia
1025 2090 1094 2120 sine
1124 2091 1211 2121 illius
1244 2091 1389 2122 bonitate
1418 2091 1573 2133 prodesse
1597 2094 1748 2122 testetur:

92 2139 141 2170 ‘In
164 2139 226 2171 hoc
250 2140 345 2179 enim,
370 2140 489 2182 inquit,
515 2140 597 2171 dixit
622 2140 769 2172 dominus
795 2141 900 2172 Iesus.
928 2145 1127 2182 cognoscent
1151 2152 1274 2173 omnes.
1300 2143 1375 2184 quia
1401 2144 1463 2174 mei
1489 2142 1639 2184 discipuli
1665 2143 1903 2177 estis.1.v11.1:÷.33.

95 2192 122 2223 si
145 2191 355 2223 dilectionem
379 2191 557 2223 habueritis
587 2192 627 2223 ad
652 2192 813 2224 invicem'.
860 2192 975 2223 Omnis
1007 2193 1214 2225 oboedientia
1238 2194 1291 2225 vel
1316 2195 1509 2225 humilitatis
1535 2195 1693 2225 subiectio
1722 2195 1753 2224 in

92 2243 298 2274 monasteriis
323 2244 468 2274 caritatis
492 2244 668 2275 munimine
686 2245 832 2275 roborari
850 2244 981 2281 debent,
1007 2255 1090 2286 quae
1112 2247 1180 2276 sinc
1199 2246 1406 2277 simulatione
1424 2247 1528 2277 falsae
1548 2246 1752 2276 extrinsecus

92 2295 321 2326 ostentationis
346 2295 377 2325 in
403 2306 536 2337 corpore
561 2296 631 2326 fieri
648 2307 784 2327 necesse
811 2300 876 2326 est:
903 2296 961 2326 sed
987 2307 1027 2326 ex
1046 2296 1142 2327 corde
1169 2297 1304 2338 diligere
1331 2309 1389 2328 nos
1409 2297 1567 2327 debemus
1587 2308 1752 2338 opereque

92 2345 283 2383 ostendere,
315 2347 401 2387 quod
434 2347 464 2377 in
497 2347 603 2377 cordis
635 2347 787 2378 thesauro
820 2347 1023 2379 reconditum
1048 2348 1218 2380 habemus.
1269 2350 1462 2390 Angelicam
1488 2350 1585 2379 vitain
1611 2349 1688 2379 vivit
1722 2350 1752 2379 iu

91 2399 202 2436 terris,
234 2398 288 2439 qui
311 2398 446 2439 pacifica
471 2399 606 2430 caritate
637 2403 669 2430 et
694 2404 807 2431 sancta
832 2399 1006 2431 dilectione
1031 2400 1140 2431 vivere
1166 2401 1251 2432 iuter
1276 2401 1423 2432 homines
1450 2401 1573 2431 studet:
1609 2405 1640 2432 et
1665 2401 1749 2442 quod

94 2449 146 2480 hic
171 2461 212 2481 ex
236 2454 329 2492 parte
354 2450 475 2481 habere
502 2451 622 2492 incipit,
649 2451 679 2481 in
705 2451 906 2482 beatitudine
933 2452 1069 2481 caelesti
1095 2452 1236 2492 pleniter
1260 2453 1427 2494 poss-idere
1452 2453 1618 2493 gaudebit.
1658 2453 1750 2484 llaec
1763 2463 1814 2483 1.u‹·.
1827 2466 1858 2487 10,
1872 2464 1905 2483 42.

197 2595 256 2622 219.
292 2597 317 2627 ²)
338 2597 455 2622 Lemma.-
475 2599 496 2622 Α
505 2598 520 2622 d
541 2598 754 2623 llillirienses
774 2600 896 2624 fratres
917 2600 951 2625 II.
1037 2600 1060 2622 ὓ)
1081 2601 1214 2632 possedere
1235 2600 1270 2623 Il.
1354 2600 1377 2630 c)
1398 2609 1464 2624 roa-r.
1484 2601 1509 2623 in
1531 2600 1696 2624 unianimitas
1718 2599 1751 2624 H.

200 2674 225 2705 l)
244 2673 397 2699 monasterii
421 2674 447 2698 in
468 2673 609 2700 Lirinensi
629 2675 717 2700 insula
735 2677 843 2701 saeculo
862 2677 956 2709 quinto
977 2677 1086 2702 ineunte
1111 2677 1144 2701 ab
1164 2676 1307 2701 Honorum
1333 2676 1452 2708 episcopa
1473 2676 1625 2701 Asclarensi
1643 2676 1753 2702 conditi.

93 2716 122 2748 2)
142 2714 184 2748 Cf.
203 2715 280 2748 ‘infra
294 2719 397 2749 p.364.·
425 2718 523 2742 fmtros
543 2718 714 2743 venerabiles
739 2721 767 2744 et
790 2719 917 2753 relegiosi
943 2720 976 2746 de
1001 2720 1169 2746 monasterio
1190 2719 1326 2745 Hilirinae
1350 2719 1458 2744 insulae
1483 2720 1549 2744 aute
1569 2728 1671 2752 paucos
1695 2719 1753 2744 dies

95 2761 232 2785 venerunt
250 2759 286 2785 ad
305 2768 362 2786 nos.
398 2760 546 2793 Exemplar
565 2762 690 2794 epistolae
707 2762 843 2789 monachis
864 2763 979 2789 Gothiae
1002 2763 1032 2789 dc
1049 2763 1183 2790 erroribus
1203 2762 1389 2795 Hispanorum
1409 2763 1522 2794 scriptae
1549 2762 1601 2787 iam
1620 2770 1645 2787 (ι.
1664 2770 1683 2787 c.
1701 2765 1753 2787 795.

95 2802 284 2829 Lirinensibus
302 2804 386 2836 misia·
405 2804 440 2836 cf.
459 2812 543 2836 supra
557 2809 655 2837 p.·.116.

1495 2841 1545 2866 40⁸*
