<?xml version="1.0" encoding="UTF-8"?>
<!DOCTYPE html PUBLIC "-//W3C//DTD XHTML 1.0 Transitional//EN"
    "http://www.w3.org/TR/xhtml1/DTD/xhtml1-transitional.dtd">
<html xmlns="http://www.w3.org/1999/xhtml" xml:lang="en" lang="en">
 <head>
  <title>
</title>
<meta http-equiv="Content-Type" content="text/html;charset=utf-8" />
  <meta name='ocr-system' content='tesseract 3.04.00' />
  <meta name='ocr-capabilities' content='ocr_page ocr_carea ocr_par ocr_line ocrx_word'/>
</head>
<body>
  <div class='ocr_page' id='page_1' title='image "./monumentagerman04geseuoft_0589.png"; bbox 0 0 2089 3171; ppageno 0'>
   <div class='ocr_carea' id='block_1_1' title="bbox 49 740 73 758">
    <p class='ocr_par' dir='ltr' id='par_1_1' title="bbox 49 740 73 758">
     <span class='ocr_line' id='line_1_1' title="bbox 49 740 73 758; baseline 0 0"><span class='ocrx_word' id='word_1_1' title='bbox 49 740 73 758; x_wconf 84' lang='lat'>10</span> 
     </span>
    </p>
   </div>
   <div class='ocr_carea' id='block_1_2' title="bbox 50 1000 72 1018">
    <p class='ocr_par' dir='ltr' id='par_1_2' title="bbox 50 1000 72 1018">
     <span class='ocr_line' id='line_1_2' title="bbox 50 1000 72 1018; baseline 0 0"><span class='ocrx_word' id='word_1_2' title='bbox 50 1000 72 1018; x_wconf 82' lang='lat'>15</span> 
     </span>
    </p>
   </div>
   <div class='ocr_carea' id='block_1_3' title="bbox 49 1258 75 1276">
    <p class='ocr_par' dir='ltr' id='par_1_3' title="bbox 49 1258 75 1276">
     <span class='ocr_line' id='line_1_3' title="bbox 49 1258 75 1276; baseline 0 0"><span class='ocrx_word' id='word_1_3' title='bbox 49 1258 75 1276; x_wconf 81' lang='lat'>20</span> 
     </span>
    </p>
   </div>
   <div class='ocr_carea' id='block_1_4' title="bbox 50 1517 74 1536">
    <p class='ocr_par' dir='ltr' id='par_1_4' title="bbox 50 1517 74 1536">
     <span class='ocr_line' id='line_1_4' title="bbox 50 1517 74 1536; baseline -0.042 0"><span class='ocrx_word' id='word_1_4' title='bbox 50 1517 74 1536; x_wconf 72' lang='lat'>25</span> 
     </span>
    </p>
   </div>
   <div class='ocr_carea' id='block_1_5' title="bbox 51 1776 76 1795">
    <p class='ocr_par' dir='ltr' id='par_1_5' title="bbox 51 1776 76 1795">
     <span class='ocr_line' id='line_1_5' title="bbox 51 1776 76 1795; baseline -0.04 0"><span class='ocrx_word' id='word_1_5' title='bbox 51 1776 76 1795; x_wconf 81' lang='lat'>³0</span> 
     </span>
    </p>
   </div>
   <div class='ocr_carea' id='block_1_6' title="bbox 53 2037 79 2056">
    <p class='ocr_par' dir='ltr' id='par_1_6' title="bbox 53 2037 79 2056">
     <span class='ocr_line' id='line_1_6' title="bbox 53 2037 79 2056; baseline 0 0"><span class='ocrx_word' id='word_1_6' title='bbox 53 2037 79 2056; x_wconf 75' lang='lat'>35</span> 
     </span>
    </p>
   </div>
   <div class='ocr_carea' id='block_1_7' title="bbox 56 2298 81 2316">
    <p class='ocr_par' dir='ltr' id='par_1_7' title="bbox 56 2298 81 2316">
     <span class='ocr_line' id='line_1_7' title="bbox 56 2298 81 2316; baseline 0 0"><span class='ocrx_word' id='word_1_7' title='bbox 56 2298 81 2316; x_wconf 72' lang='lat'>⁴0</span> 
     </span>
    </p>
   </div>
   <div class='ocr_carea' id='block_1_8' title="bbox 54 2603 79 2622">
    <p class='ocr_par' dir='ltr' id='par_1_8' title="bbox 54 2603 79 2622">
     <span class='ocr_line' id='line_1_8' title="bbox 54 2603 79 2622; baseline 0.04 -1"><span class='ocrx_word' id='word_1_8' title='bbox 54 2603 79 2622; x_wconf 71' lang='lat'>⁴⁵</span> 
     </span>
    </p>
   </div>
   <div class='ocr_carea' id='block_1_9' title="bbox 55 2837 82 2856">
    <p class='ocr_par' dir='ltr' id='par_1_9' title="bbox 55 2837 82 2856">
     <span class='ocr_line' id='line_1_9' title="bbox 55 2837 82 2856; baseline -0.037 0"><span class='ocrx_word' id='word_1_9' title='bbox 55 2837 82 2856; x_wconf 71' lang='lat'>⁵0</span> 
     </span>
    </p>
   </div>
   <div class='ocr_carea' id='block_1_10' title="bbox 622 174 1741 203">
    <p class='ocr_par' dir='ltr' id='par_1_10' title="bbox 622 174 1741 203">
     <span class='ocr_line' id='line_1_10' title="bbox 622 174 1741 203; baseline 0.002 -2"><span class='ocrx_word' id='word_1_10' title='bbox 622 175 784 201; x_wconf 72' lang='lat' dir='ltr'>DUNGALI</span> <span class='ocrx_word' id='word_1_11' title='bbox 805 175 930 202; x_wconf 86' lang='lat' dir='ltr'>SCOTTI</span> <span class='ocrx_word' id='word_1_12' title='bbox 950 174 1161 202; x_wconf 85' lang='lat' dir='ltr'>EPISTOLAE.</span> <span class='ocrx_word' id='word_1_13' title='bbox 1198 176 1221 201; x_wconf 95' lang='lat'>1.</span> <span class='ocrx_word' id='word_1_14' title='bbox 1679 174 1741 203; x_wconf 86' lang='lat'>575</span> 
     </span>
    </p>
   </div>
   <div class='ocr_carea' id='block_1_11' title="bbox 98 260 1882 2540">
    <p class='ocr_par' dir='ltr' id='par_1_11' title="bbox 98 260 1830 408">
     <span class='ocr_line' id='line_1_11' title="bbox 100 260 1830 306; baseline -0.003 -11"><span class='ocrx_word' id='word_1_15' title='bbox 100 275 164 295; x_wconf 92' lang='lat' dir='ltr'>non</span> <span class='ocrx_word' id='word_1_16' title='bbox 193 274 321 306; x_wconf 85' lang='lat' dir='ltr'>semper</span> <span class='ocrx_word' id='word_1_17' title='bbox 355 266 549 305; x_wconf 74' lang='lat' dir='ltr'>appareant.</span> <span class='ocrx_word' id='word_1_18' title='bbox 585 262 658 294; x_wconf 89' lang='lat' dir='ltr'>ideo</span> <span class='ocrx_word' id='word_1_19' title='bbox 689 263 763 304; x_wconf 90' lang='lat' dir='ltr'>quia</span> <span class='ocrx_word' id='word_1_20' title='bbox 791 262 965 303; x_wconf 87' lang='lat' dir='ltr'>aliquando</span> <span class='ocrx_word' id='word_1_21' title='bbox 1001 262 1079 293; x_wconf 89' lang='lat' dir='ltr'>fiunt</span> <span class='ocrx_word' id='word_1_22' title='bbox 1111 262 1224 293; x_wconf 88' lang='lat' dir='ltr'>subtus</span> <span class='ocrx_word' id='word_1_23' title='bbox 1257 266 1397 293; x_wconf 73' lang='lat' dir='ltr'>terram⁸</span> <span class='ocrx_word' id='word_1_24' title='bbox 1426 261 1457 291; x_wconf 94' lang='lat' dir='ltr'>in</span> <span class='ocrx_word' id='word_1_25' title='bbox 1489 264 1580 302; x_wconf 83' lang='lat' dir='ltr'>parte</span> <span class='ocrx_word' id='word_1_26' title='bbox 1611 260 1743 291; x_wconf 87' lang='lat' dir='ltr'>latentis</span> <span class='ocrx_word' id='word_1_27' title='bbox 1775 260 1830 290; x_wconf 82' lang='lat'>811</span> 
     </span>
     <span class='ocr_line' id='line_1_12' title="bbox 98 313 1744 357; baseline -0.002 -11"><span class='ocrx_word' id='word_1_28' title='bbox 98 315 319 357; x_wconf 69' lang='lat' dir='ltr'>hemispel&#39;iib.</span> <span class='ocrx_word' id='word_1_29' title='bbox 352 319 503 353; x_wconf 83' lang='lat' dir='ltr'>aliquando</span> <span class='ocrx_word' id='word_1_30' title='bbox 528 325 643 356; x_wconf 85' lang='lat' dir='ltr'>supra.</span> <span class='ocrx_word' id='word_1_31' title='bbox 676 314 733 345; x_wconf 81' lang='lat' dir='ltr'>sed</span> <span class='ocrx_word' id='word_1_32' title='bbox 757 320 872 353; x_wconf 82' lang='lat' dir='ltr'>propter</span> <span class='ocrx_word' id='word_1_33' title='bbox 895 319 992 345; x_wconf 89' lang='lat' dir='ltr'>nubila</span> <span class='ocrx_word' id='word_1_34' title='bbox 1017 319 1048 345; x_wconf 83' lang='lat' dir='ltr'>et</span> <span class='ocrx_word' id='word_1_35' title='bbox 1071 317 1203 355; x_wconf 77' lang='lat' dir='ltr'>propter</span> <span class='ocrx_word' id='word_1_36' title='bbox 1228 313 1454 354; x_wconf 76' lang='lat' dir='ltr'>globositatem</span> <span class='ocrx_word' id='word_1_37' title='bbox 1480 315 1512 344; x_wconf 75' lang='lat' dir='ltr'>et</span> <span class='ocrx_word' id='word_1_38' title='bbox 1536 316 1744 343; x_wconf 80' lang='lat' dir='ltr'><strong>convexitatem</strong></span> 
     </span>
     <span class='ocr_line' id='line_1_13' title="bbox 101 364 1745 408; baseline -0.003 -10"><span class='ocrx_word' id='word_1_39' title='bbox 101 374 191 398; x_wconf 77' lang='lat' dir='ltr'>terrae</span> <span class='ocrx_word' id='word_1_40' title='bbox 216 377 321 408; x_wconf 87' lang='lat' dir='ltr'>neque</span> <span class='ocrx_word' id='word_1_41' title='bbox 345 367 464 408; x_wconf 93' lang='lat' dir='ltr'>ubique</span> <span class='ocrx_word' id='word_1_42' title='bbox 489 377 593 408; x_wconf 91' lang='lat' dir='ltr'>neque</span> <span class='ocrx_word' id='word_1_43' title='bbox 619 366 742 398; x_wconf 87' lang='lat' dir='ltr'>eisdem</span> <span class='ocrx_word' id='word_1_44' title='bbox 767 366 855 397; x_wconf 88' lang='lat' dir='ltr'>horis</span> <span class='ocrx_word' id='word_1_45' title='bbox 879 366 919 396; x_wconf 86' lang='lat' dir='ltr'>ab</span> <span class='ocrx_word' id='word_1_46' title='bbox 944 365 1094 396; x_wconf 91' lang='lat' dir='ltr'>omnibus</span> <span class='ocrx_word' id='word_1_47' title='bbox 1119 366 1204 396; x_wconf 87' lang='lat' dir='ltr'>cerni</span> <span class='ocrx_word' id='word_1_48' title='bbox 1230 369 1374 407; x_wconf 86' lang='lat' dir='ltr'>possunt.</span> <span class='ocrx_word' id='word_1_49' title='bbox 1410 364 1504 396; x_wconf 76' lang='lat' dir='ltr'>Unde</span> <span class='ocrx_word' id='word_1_50' title='bbox 1529 364 1745 395; x_wconf 85' lang='lat' dir='ltr'>certissimum</span> 
     </span>
    </p>

    <p class='ocr_par' dir='ltr' id='par_1_12' title="bbox 99 414 1746 613">
     <span class='ocr_line' id='line_1_14' title="bbox 101 414 1744 461; baseline -0.002 -11"><span class='ocrx_word' id='word_1_51' title='bbox 101 423 150 450; x_wconf 87' lang='lat' dir='ltr'>cst</span> <span class='ocrx_word' id='word_1_52' title='bbox 167 420 275 461; x_wconf 86' lang='lat' dir='ltr'>sepius</span> <span class='ocrx_word' id='word_1_53' title='bbox 299 419 359 449; x_wconf 92' lang='lat' dir='ltr'>ista</span> <span class='ocrx_word' id='word_1_54' title='bbox 385 419 453 450; x_wconf 90' lang='lat' dir='ltr'>fieri</span> <span class='ocrx_word' id='word_1_55' title='bbox 479 429 573 460; x_wconf 89' lang='lat' dir='ltr'>quam</span> <span class='ocrx_word' id='word_1_56' title='bbox 598 418 710 457; x_wconf 68' lang='lat' dir='ltr'>videri,</span> <span class='ocrx_word' id='word_1_57' title='bbox 734 429 793 449; x_wconf 86' lang='lat' dir='ltr'>nec</span> <span class='ocrx_word' id='word_1_58' title='bbox 819 417 999 459; x_wconf 84' lang='lat' dir='ltr'>aequaliter</span> <span class='ocrx_word' id='word_1_59' title='bbox 1023 418 1146 448; x_wconf 84' lang='lat' dir='ltr'>eunctis</span> <span class='ocrx_word' id='word_1_60' title='bbox 1171 428 1329 459; x_wconf 86' lang='lat' dir='ltr'>apparere</span> <span class='ocrx_word' id='word_1_61' title='bbox 1359 427 1430 447; x_wconf 89' lang='lat' dir='ltr'>cum</span> <span class='ocrx_word' id='word_1_62' title='bbox 1455 416 1616 447; x_wconf 78' lang='lat' dir='ltr'>videntur.</span> <span class='ocrx_word' id='word_1_63' title='bbox 1651 414 1744 446; x_wconf 80' lang='lat' dir='ltr'>Unde</span> 
     </span>
     <span class='ocr_line' id='line_1_15' title="bbox 101 467 1746 512; baseline -0.002 -11"><span class='ocrx_word' id='word_1_64' title='bbox 101 471 301 512; x_wconf 84' lang='lat' dir='ltr'>vespertinos</span> <span class='ocrx_word' id='word_1_65' title='bbox 329 471 404 501; x_wconf 91' lang='lat' dir='ltr'>solis</span> <span class='ocrx_word' id='word_1_66' title='bbox 433 481 471 501; x_wconf 91' lang='lat' dir='ltr'>ac</span> <span class='ocrx_word' id='word_1_67' title='bbox 500 471 596 502; x_wconf 90' lang='lat' dir='ltr'>lunae</span> <span class='ocrx_word' id='word_1_68' title='bbox 629 470 775 501; x_wconf 88' lang='lat' dir='ltr'>defectus</span> <span class='ocrx_word' id='word_1_69' title='bbox 806 470 980 501; x_wconf 83' lang='lat' dir='ltr'>orientales</span> <span class='ocrx_word' id='word_1_70' title='bbox 1004 480 1068 500; x_wconf 88' lang='lat' dir='ltr'>non</span> <span class='ocrx_word' id='word_1_71' title='bbox 1094 470 1245 500; x_wconf 86' lang='lat' dir='ltr'>sentiunt.</span> <span class='ocrx_word' id='word_1_72' title='bbox 1270 479 1373 510; x_wconf 86' lang='lat' dir='ltr'>neque</span> <span class='ocrx_word' id='word_1_73' title='bbox 1398 469 1571 499; x_wconf 88' lang='lat' dir='ltr'>matutinos</span> <span class='ocrx_word' id='word_1_74' title='bbox 1596 467 1746 498; x_wconf 87' lang='lat' dir='ltr'>occiden-</span> 
     </span>
     <span class='ocr_line' id='line_1_16' title="bbox 99 521 1746 564; baseline -0.002 -12"><span class='ocrx_word' id='word_1_75' title='bbox 99 522 182 553; x_wconf 84' lang='lat' dir='ltr'>tales</span> <span class='ocrx_word' id='word_1_76' title='bbox 207 522 356 554; x_wconf 82' lang='lat' dir='ltr'>obstante</span> <span class='ocrx_word' id='word_1_77' title='bbox 381 532 460 553; x_wconf 90' lang='lat' dir='ltr'>cono</span> <span class='ocrx_word' id='word_1_78' title='bbox 485 527 569 553; x_wconf 87' lang='lat' dir='ltr'>terre</span> <span class='ocrx_word' id='word_1_79' title='bbox 594 526 690 564; x_wconf 85' lang='lat' dir='ltr'>atque</span> <span class='ocrx_word' id='word_1_80' title='bbox 715 523 818 552; x_wconf 69' lang='lat' dir='ltr'>visum</span> <span class='ocrx_word' id='word_1_81' title='bbox 844 526 984 552; x_wconf 81' lang='lat' dir='ltr'>arcente.</span> <span class='ocrx_word' id='word_1_82' title='bbox 1032 521 1149 551; x_wconf 78' lang='lat' dir='ltr'>Lunael</span> <span class='ocrx_word' id='word_1_83' title='bbox 1174 528 1281 551; x_wconf 87' lang='lat' dir='ltr'>autem</span> <span class='ocrx_word' id='word_1_84' title='bbox 1305 525 1446 551; x_wconf 67' lang='lat' dir='ltr'>defectum</span> <span class='ocrx_word' id='word_1_85' title='bbox 1470 524 1622 558; x_wconf 78' lang='lat' dir='ltr'>aliquando</span> <span class='ocrx_word' id='word_1_86' title='bbox 1646 523 1746 556; x_wconf 81' lang='lat' dir='ltr'>quinto</span> 
     </span>
     <span class='ocr_line' id='line_1_17' title="bbox 99 572 1745 613; baseline -0.002 -9"><span class='ocrx_word' id='word_1_87' title='bbox 99 587 193 605; x_wconf 85' lang='lat' dir='ltr'>mense</span> <span class='ocrx_word' id='word_1_88' title='bbox 217 587 233 604; x_wconf 86' lang='lat' dir='ltr'>a</span> <span class='ocrx_word' id='word_1_89' title='bbox 256 579 358 612; x_wconf 75' lang='lat' dir='ltr'>priori,</span> <span class='ocrx_word' id='word_1_90' title='bbox 383 579 450 605; x_wconf 83' lang='lat' dir='ltr'>solis</span> <span class='ocrx_word' id='word_1_91' title='bbox 474 587 539 605; x_wconf 72' lang='lat' dir='ltr'>vero</span> <span class='ocrx_word' id='word_1_92' title='bbox 564 579 684 613; x_wconf 77' lang='lat' dir='ltr'>septimo</span> <span class='ocrx_word' id='word_1_93' title='bbox 708 579 844 605; x_wconf 80' lang='lat' dir='ltr'>eundemc</span> <span class='ocrx_word' id='word_1_94' title='bbox 868 578 910 604; x_wconf 88' lang='lat' dir='ltr'>bis</span> <span class='ocrx_word' id='word_1_95' title='bbox 933 577 961 603; x_wconf 92' lang='lat' dir='ltr'>in</span> <span class='ocrx_word' id='word_1_96' title='bbox 985 577 1061 603; x_wconf 79' lang='lat' dir='ltr'>XXX</span> <span class='ocrx_word' id='word_1_97' title='bbox 1085 577 1183 603; x_wconf 74' lang='lat' dir='ltr'>diebus</span> <span class='ocrx_word' id='word_1_98' title='bbox 1209 586 1292 611; x_wconf 84' lang='lat' dir='ltr'>super</span> <span class='ocrx_word' id='word_1_99' title='bbox 1315 572 1426 603; x_wconf 72' lang='lat' dir='ltr'>teriasd</span> <span class='ocrx_word' id='word_1_100' title='bbox 1452 576 1595 607; x_wconf 82' lang='lat' dir='ltr'>occultari,</span> <span class='ocrx_word' id='word_1_101' title='bbox 1621 581 1745 602; x_wconf 76' lang='lat' dir='ltr'>necnon</span> 
     </span>
    </p>

    <p class='ocr_par' dir='ltr' id='par_1_13' title="bbox 99 624 1746 719">
     <span class='ocr_line' id='line_1_18' title="bbox 99 624 1746 667; baseline -0.002 -11"><span class='ocrx_word' id='word_1_102' title='bbox 99 630 135 656; x_wconf 85' lang='lat' dir='ltr'>ab</span> <span class='ocrx_word' id='word_1_103' title='bbox 159 630 223 656; x_wconf 76' lang='lat' dir='ltr'>aljis</span> <span class='ocrx_word' id='word_1_104' title='bbox 239 627 341 656; x_wconf 83' lang='lat' dir='ltr'>visum</span> <span class='ocrx_word' id='word_1_105' title='bbox 368 636 452 657; x_wconf 88' lang='lat' dir='ltr'>esse.</span> <span class='ocrx_word' id='word_1_106' title='bbox 477 626 639 667; x_wconf 90' lang='lat' dir='ltr'>quondam</span> <span class='ocrx_word' id='word_1_107' title='bbox 663 627 695 657; x_wconf 91' lang='lat' dir='ltr'>in</span> <span class='ocrx_word' id='word_1_108' title='bbox 719 625 804 656; x_wconf 69' lang='lat' dir='ltr'>XIIe</span> <span class='ocrx_word' id='word_1_109' title='bbox 829 629 927 656; x_wconf 71' lang='lat' dir='ltr'>diebus</span> <span class='ocrx_word' id='word_1_110' title='bbox 951 632 1102 662; x_wconf 75' lang='lat' dir='ltr'>utrumque</span> <span class='ocrx_word' id='word_1_111' title='bbox 1126 629 1201 655; x_wconf 81' lang='lat' dir='ltr'>sidus</span> <span class='ocrx_word' id='word_1_112' title='bbox 1219 624 1358 656; x_wconf 86' lang='lat' dir='ltr'>deficere</span> <span class='ocrx_word' id='word_1_113' title='bbox 1383 624 1540 665; x_wconf 79' lang='lat' dir='ltr'>probabili</span> <span class='ocrx_word' id='word_1_114' title='bbox 1566 624 1689 654; x_wconf 84' lang='lat' dir='ltr'>ratione</span> <span class='ocrx_word' id='word_1_115' title='bbox 1715 628 1746 653; x_wconf 85' lang='lat' dir='ltr'>ct</span> 
     </span>
     <span class='ocr_line' id='line_1_19' title="bbox 99 677 514 719; baseline 0 -11"><span class='ocrx_word' id='word_1_116' title='bbox 99 677 270 709; x_wconf 86' lang='lat' dir='ltr'>traditione</span> <span class='ocrx_word' id='word_1_117' title='bbox 295 678 514 719; x_wconf 81' lang='lat' dir='ltr'>cognovimus.</span> 
     </span>
    </p>

    <p class='ocr_par' dir='ltr' id='par_1_14' title="bbox 100 726 1882 1810">
     <span class='ocr_line' id='line_1_20' title="bbox 203 726 1746 771; baseline -0.003 -11"><span class='ocrx_word' id='word_1_118' title='bbox 203 729 372 771; x_wconf 86' lang='lat' dir='ltr'>Respondi</span> <span class='ocrx_word' id='word_1_119' title='bbox 396 740 484 771; x_wconf 56' lang='lat' dir='ltr'>ergo.</span> <span class='ocrx_word' id='word_1_120' title='bbox 511 734 544 760; x_wconf 86' lang='lat' dir='ltr'>ut</span> <span class='ocrx_word' id='word_1_121' title='bbox 568 729 644 760; x_wconf 88' lang='lat' dir='ltr'>mihi</span> <span class='ocrx_word' id='word_1_122' title='bbox 662 729 798 767; x_wconf 72' lang='lat' dir='ltr'>videtur.</span> <span class='ocrx_word' id='word_1_123' title='bbox 823 729 1011 760; x_wconf 84' lang='lat' dir='ltr'>beatissime</span> <span class='ocrx_word' id='word_1_124' title='bbox 1036 731 1182 769; x_wconf 87' lang='lat' dir='ltr'>auguste.</span> <span class='ocrx_word' id='word_1_125' title='bbox 1209 728 1386 759; x_wconf 86' lang='lat' dir='ltr'>secundum</span> <span class='ocrx_word' id='word_1_126' title='bbox 1406 731 1584 758; x_wconf 84' lang='lat' dir='ltr'>vestrarum</span> <span class='ocrx_word' id='word_1_127' title='bbox 1603 726 1746 757; x_wconf 78' lang='lat' dir='ltr'>exactio-</span> 
     </span>
     <span class='ocr_line' id='line_1_21' title="bbox 100 778 1747 821; baseline -0.002 -9"><span class='ocrx_word' id='word_1_128' title='bbox 100 792 173 813; x_wconf 87' lang='lat' dir='ltr'>nem</span> <span class='ocrx_word' id='word_1_129' title='bbox 197 781 388 812; x_wconf 80' lang='lat' dir='ltr'>litterarum.</span> <span class='ocrx_word' id='word_1_130' title='bbox 434 781 477 812; x_wconf 84' lang='lat' dir='ltr'>Et</span> <span class='ocrx_word' id='word_1_131' title='bbox 501 781 568 813; x_wconf 81' lang='lat' dir='ltr'>dixi</span> <span class='ocrx_word' id='word_1_132' title='bbox 592 792 631 812; x_wconf 81' lang='lat' dir='ltr'>ex</span> <span class='ocrx_word' id='word_1_133' title='bbox 657 781 830 813; x_wconf 88' lang='lat' dir='ltr'>eorundem</span> <span class='ocrx_word' id='word_1_134' title='bbox 855 781 1096 812; x_wconf 68' lang='lat' dir='ltr'>auotoritatee*.</span> <span class='ocrx_word' id='word_1_135' title='bbox 1122 779 1389 821; x_wconf 81' lang='lat' dir='ltr'>quemadmodum</span> <span class='ocrx_word' id='word_1_136' title='bbox 1415 780 1538 820; x_wconf 80' lang='lat' dir='ltr'>antiqui</span> <span class='ocrx_word' id='word_1_137' title='bbox 1562 778 1747 820; x_wconf 85' lang='lat' dir='ltr'>philosophi</span> 
     </span>
     <span class='ocr_line' id='line_1_22' title="bbox 101 830 1748 875; baseline -0.002 -11"><span class='ocrx_word' id='word_1_138' title='bbox 101 837 133 864; x_wconf 84' lang='lat' dir='ltr'>et</span> <span class='ocrx_word' id='word_1_139' title='bbox 158 833 299 864; x_wconf 88' lang='lat' dir='ltr'>scierunt</span> <span class='ocrx_word' id='word_1_140' title='bbox 324 836 356 864; x_wconf 90' lang='lat' dir='ltr'>et</span> <span class='ocrx_word' id='word_1_141' title='bbox 379 834 619 875; x_wconf 86' lang='lat' dir='ltr'>praescierunt.</span> <span class='ocrx_word' id='word_1_142' title='bbox 644 833 803 875; x_wconf 89' lang='lat' dir='ltr'>quomodo</span> <span class='ocrx_word' id='word_1_143' title='bbox 827 833 920 864; x_wconf 86' lang='lat' dir='ltr'>fieret</span> <span class='ocrx_word' id='word_1_144' title='bbox 944 832 1092 863; x_wconf 87' lang='lat' dir='ltr'>defectus</span> <span class='ocrx_word' id='word_1_145' title='bbox 1118 832 1194 863; x_wconf 87' lang='lat' dir='ltr'>solis</span> <span class='ocrx_word' id='word_1_146' title='bbox 1220 835 1252 863; x_wconf 87' lang='lat' dir='ltr'>et</span> <span class='ocrx_word' id='word_1_147' title='bbox 1275 831 1402 873; x_wconf 88' lang='lat' dir='ltr'>quando</span> <span class='ocrx_word' id='word_1_148' title='bbox 1426 831 1529 862; x_wconf 87' lang='lat' dir='ltr'>fieret.</span> <span class='ocrx_word' id='word_1_149' title='bbox 1576 830 1626 861; x_wconf 88' lang='lat' dir='ltr'>Illi</span> <span class='ocrx_word' id='word_1_150' title='bbox 1652 830 1748 868; x_wconf 66' lang='lat' dir='ltr'>enim,</span> 
     </span>
     <span class='ocr_line' id='line_1_23' title="bbox 102 883 1750 928; baseline -0.002 -12"><span class='ocrx_word' id='word_1_151' title='bbox 102 885 244 916; x_wconf 92' lang='lat' dir='ltr'>omnium</span> <span class='ocrx_word' id='word_1_152' title='bbox 262 885 503 928; x_wconf 86' lang='lat' dir='ltr'>disciplinarum</span> <span class='ocrx_word' id='word_1_153' title='bbox 522 886 710 927; x_wconf 80' lang='lat' dir='ltr'>peritissimi</span> <span class='ocrx_word' id='word_1_154' title='bbox 727 890 758 916; x_wconf 90' lang='lat' dir='ltr'>ct</span> <span class='ocrx_word' id='word_1_155' title='bbox 773 885 892 916; x_wconf 84' lang='lat' dir='ltr'>nullius</span> <span class='ocrx_word' id='word_1_156' title='bbox 910 889 1019 915; x_wconf 87' lang='lat' dir='ltr'>sectae</span> <span class='ocrx_word' id='word_1_157' title='bbox 1037 885 1128 915; x_wconf 89' lang='lat' dir='ltr'>inscii</span> <span class='ocrx_word' id='word_1_158' title='bbox 1147 883 1309 915; x_wconf 81' lang='lat' dir='ltr'>veteribus</span> <span class='ocrx_word' id='word_1_159' title='bbox 1326 883 1516 925; x_wconf 84' lang='lat' dir='ltr'>adprobate.</span> <span class='ocrx_word' id='word_1_160' title='bbox 1540 883 1750 924; x_wconf 85' lang='lat' dir='ltr'>sagacissima</span> 
     </span>
     <span class='ocr_line' id='line_1_24' title="bbox 101 935 1750 978; baseline -0.002 -10"><span class='ocrx_word' id='word_1_161' title='bbox 101 937 251 968; x_wconf 86' lang='lat' dir='ltr'>elimatae</span> <span class='ocrx_word' id='word_1_162' title='bbox 280 942 313 968; x_wconf 88' lang='lat' dir='ltr'>et</span> <span class='ocrx_word' id='word_1_163' title='bbox 345 937 512 968; x_wconf 81' lang='lat' dir='ltr'>defecatae</span> <span class='ocrx_word' id='word_1_164' title='bbox 543 938 659 968; x_wconf 88' lang='lat' dir='ltr'>mentis</span> <span class='ocrx_word' id='word_1_165' title='bbox 691 937 868 968; x_wconf 82' lang='lat' dir='ltr'>intentione</span> <span class='ocrx_word' id='word_1_166' title='bbox 901 940 933 967; x_wconf 89' lang='lat' dir='ltr'>et</span> <span class='ocrx_word' id='word_1_167' title='bbox 963 935 1260 978; x_wconf 78' lang='lat' dir='ltr'>perspicacissimaf</span> <span class='ocrx_word' id='word_1_168' title='bbox 1287 936 1603 977; x_wconf 69' lang='lat' dir='ltr'>purgatissimaquess</span> <span class='ocrx_word' id='word_1_169' title='bbox 1634 935 1750 965; x_wconf 91' lang='lat' dir='ltr'>interni</span> 
     </span>
     <span class='ocr_line' id='line_1_25' title="bbox 102 987 1748 1031; baseline -0.002 -11"><span class='ocrx_word' id='word_1_170' title='bbox 102 1000 217 1020; x_wconf 89' lang='lat' dir='ltr'>sensus</span> <span class='ocrx_word' id='word_1_171' title='bbox 241 989 332 1020; x_wconf 79' lang='lat' dir='ltr'>acieb</span> <span class='ocrx_word' id='word_1_172' title='bbox 356 990 510 1031; x_wconf 72' lang='lat' dir='ltr'>praefixa.</span> <span class='ocrx_word' id='word_1_173' title='bbox 535 990 674 1020; x_wconf 90' lang='lat' dir='ltr'>omnium</span> <span class='ocrx_word' id='word_1_174' title='bbox 701 1000 805 1020; x_wconf 88' lang='lat' dir='ltr'>rerum</span> <span class='ocrx_word' id='word_1_175' title='bbox 829 993 961 1019; x_wconf 89' lang='lat' dir='ltr'>naturas</span> <span class='ocrx_word' id='word_1_176' title='bbox 979 989 1121 1019; x_wconf 85' lang='lat' dir='ltr'>rationes</span> <span class='ocrx_word' id='word_1_177' title='bbox 1147 998 1262 1018; x_wconf 79' lang='lat' dir='ltr'>causas</span> <span class='ocrx_word' id='word_1_178' title='bbox 1280 995 1311 1018; x_wconf 89' lang='lat' dir='ltr'>ct</span> <span class='ocrx_word' id='word_1_179' title='bbox 1329 987 1471 1028; x_wconf 82' lang='lat' dir='ltr'>origines</span> <span class='ocrx_word' id='word_1_180' title='bbox 1489 987 1699 1017; x_wconf 86' lang='lat' dir='ltr'>subtilissime</span> <span class='ocrx_word' id='word_1_181' title='bbox 1717 989 1748 1016; x_wconf 89' lang='lat' dir='ltr'>et</span> 
     </span>
     <span class='ocr_line' id='line_1_26' title="bbox 102 1037 1749 1083; baseline -0.003 -11"><span class='ocrx_word' id='word_1_182' title='bbox 102 1041 333 1073; x_wconf 81' lang='lat' dir='ltr'>instantissime</span> <span class='ocrx_word' id='word_1_183' title='bbox 370 1042 509 1072; x_wconf 89' lang='lat' dir='ltr'>naturali</span> <span class='ocrx_word' id='word_1_184' title='bbox 540 1042 789 1083; x_wconf 77' lang='lat' dir='ltr'>investigatione</span> <span class='ocrx_word' id='word_1_185' title='bbox 819 1041 1023 1082; x_wconf 85' lang='lat' dir='ltr'>quesierunt.</span> <span class='ocrx_word' id='word_1_186' title='bbox 1060 1039 1258 1077; x_wconf 80' lang='lat' dir='ltr'>acutissimei</span> <span class='ocrx_word' id='word_1_187' title='bbox 1295 1044 1325 1069; x_wconf 90' lang='lat' dir='ltr'>et</span> <span class='ocrx_word' id='word_1_188' title='bbox 1358 1039 1581 1076; x_wconf 77' lang='lat' dir='ltr'>efficacissime</span> <span class='ocrx_word' id='word_1_189' title='bbox 1612 1056 1648 1059; x_wconf 86' lang='lat'><strong>—</strong></span> <span class='ocrx_word' id='word_1_190' title='bbox 1686 1037 1749 1067; x_wconf 91' lang='lat' dir='ltr'>illo.</span> 
     </span>
     <span class='ocr_line' id='line_1_27' title="bbox 101 1090 1882 1135; baseline -0.003 -11"><span class='ocrx_word' id='word_1_191' title='bbox 101 1104 119 1124; x_wconf 89' lang='lat' dir='ltr'>a</span> <span class='ocrx_word' id='word_1_192' title='bbox 151 1103 213 1135; x_wconf 92' lang='lat' dir='ltr'>quo</span> <span class='ocrx_word' id='word_1_193' title='bbox 249 1103 344 1124; x_wconf 87' lang='lat' dir='ltr'>omne</span> <span class='ocrx_word' id='word_1_194' title='bbox 379 1093 489 1124; x_wconf 87' lang='lat' dir='ltr'>datum</span> <span class='ocrx_word' id='word_1_195' title='bbox 517 1094 671 1135; x_wconf 86' lang='lat' dir='ltr'>optimum</span> <span class='ocrx_word' id='word_1_196' title='bbox 706 1098 755 1124; x_wconf 86' lang='lat' dir='ltr'>est</span> <span class='ocrx_word' id='word_1_197' title='bbox 787 1097 819 1123; x_wconf 89' lang='lat' dir='ltr'>et</span> <span class='ocrx_word' id='word_1_198' title='bbox 850 1103 945 1123; x_wconf 91' lang='lat' dir='ltr'>omne</span> <span class='ocrx_word' id='word_1_199' title='bbox 976 1092 1095 1123; x_wconf 85' lang='lat' dir='ltr'>donum</span> <span class='ocrx_word' id='word_1_200' title='bbox 1124 1092 1320 1133; x_wconf 85' lang='lat' dir='ltr'>perfectum.</span> <span class='ocrx_word' id='word_1_201' title='bbox 1357 1092 1512 1122; x_wconf 83' lang='lat' dir='ltr'>offerente</span> <span class='ocrx_word' id='word_1_202' title='bbox 1549 1108 1587 1112; x_wconf 90' lang='lat'>—</span> <span class='ocrx_word' id='word_1_203' title='bbox 1624 1090 1882 1131; x_wconf 51' lang='lat' dir='ltr'>quesitam-11⁷.</span> 
     </span>
     <span class='ocr_line' id='line_1_28' title="bbox 102 1142 1751 1187; baseline -0.002 -11"><span class='ocrx_word' id='word_1_204' title='bbox 102 1145 297 1176; x_wconf 86' lang='lat' dir='ltr'>invenerunt</span> <span class='ocrx_word' id='word_1_205' title='bbox 325 1150 357 1176; x_wconf 89' lang='lat' dir='ltr'>et</span> <span class='ocrx_word' id='word_1_206' title='bbox 388 1145 612 1187; x_wconf 79' lang='lat' dir='ltr'>depraehensa</span> <span class='ocrx_word' id='word_1_207' title='bbox 641 1145 889 1187; x_wconf 72' lang='lat' dir='ltr'>diligentissime</span> <span class='ocrx_word' id='word_1_208' title='bbox 921 1149 953 1175; x_wconf 89' lang='lat' dir='ltr'>et</span> <span class='ocrx_word' id='word_1_209' title='bbox 978 1143 1192 1181; x_wconf 75' lang='lat' dir='ltr'>intentissime</span> <span class='ocrx_word' id='word_1_210' title='bbox 1224 1143 1493 1174; x_wconf 77' lang='lat' dir='ltr'>observaverunt:</span> <span class='ocrx_word' id='word_1_211' title='bbox 1524 1142 1597 1173; x_wconf 87' lang='lat' dir='ltr'>inde</span> <span class='ocrx_word' id='word_1_212' title='bbox 1627 1142 1751 1184; x_wconf 71' lang='lat' dir='ltr'>physici</span> 
     </span>
     <span class='ocr_line' id='line_1_29' title="bbox 101 1195 1752 1238; baseline -0.002 -10"><span class='ocrx_word' id='word_1_213' title='bbox 101 1196 341 1228; x_wconf 71' lang='lat' dir='ltr'>astronomiaek</span> <span class='ocrx_word' id='word_1_214' title='bbox 366 1197 552 1238; x_wconf 85' lang='lat' dir='ltr'>specialiter</span> <span class='ocrx_word' id='word_1_215' title='bbox 570 1197 749 1228; x_wconf 81' lang='lat' dir='ltr'>studentes.</span> <span class='ocrx_word' id='word_1_216' title='bbox 777 1197 892 1228; x_wconf 86' lang='lat' dir='ltr'>cadem</span> <span class='ocrx_word' id='word_1_217' title='bbox 916 1196 1095 1227; x_wconf 88' lang='lat' dir='ltr'>diutissima</span> <span class='ocrx_word' id='word_1_218' title='bbox 1113 1195 1446 1237; x_wconf 67' lang='lat' dir='ltr'>meditatissimaquess</span> <span class='ocrx_word' id='word_1_219' title='bbox 1471 1195 1639 1236; x_wconf 81' lang='lat' dir='ltr'>diligentia</span> <span class='ocrx_word' id='word_1_220' title='bbox 1663 1199 1752 1224; x_wconf 83' lang='lat' dir='ltr'>ortus</span> 
     </span>
     <span class='ocr_line' id='line_1_30' title="bbox 101 1246 1854 1289; baseline -0.003 -11"><span class='ocrx_word' id='word_1_221' title='bbox 101 1251 134 1279; x_wconf 88' lang='lat' dir='ltr'>et</span> <span class='ocrx_word' id='word_1_222' title='bbox 164 1247 270 1279; x_wconf 86' lang='lat' dir='ltr'>obitus</span> <span class='ocrx_word' id='word_1_223' title='bbox 303 1248 469 1279; x_wconf 89' lang='lat' dir='ltr'>stellarum</span> <span class='ocrx_word' id='word_1_224' title='bbox 499 1249 663 1280; x_wconf 89' lang='lat' dir='ltr'>intuentes</span> <span class='ocrx_word' id='word_1_225' title='bbox 689 1254 743 1280; x_wconf 68' lang='lat' dir='ltr'>*et</span> <span class='ocrx_word' id='word_1_226' title='bbox 767 1248 921 1279; x_wconf 88' lang='lat' dir='ltr'>intuendo</span> <span class='ocrx_word' id='word_1_227' title='bbox 946 1248 1172 1289; x_wconf 82' lang='lat' dir='ltr'>experientes.</span> <span class='ocrx_word' id='word_1_228' title='bbox 1203 1247 1279 1278; x_wconf 87' lang='lat' dir='ltr'>solis</span> <span class='ocrx_word' id='word_1_229' title='bbox 1310 1252 1341 1278; x_wconf 88' lang='lat' dir='ltr'>et</span> <span class='ocrx_word' id='word_1_230' title='bbox 1371 1248 1468 1278; x_wconf 87' lang='lat' dir='ltr'>lunae</span> <span class='ocrx_word' id='word_1_231' title='bbox 1501 1252 1531 1276; x_wconf 90' lang='lat' dir='ltr'>et</span> <span class='ocrx_word' id='word_1_232' title='bbox 1556 1246 1854 1287; x_wconf 60' lang='lat' dir='ltr'>reliquarum-fotu,</span> 
     </span>
     <span class='ocr_line' id='line_1_31' title="bbox 101 1299 1752 1341; baseline -0.001 -11"><span class='ocrx_word' id='word_1_233' title='bbox 101 1300 241 1341; x_wconf 87' lang='lat' dir='ltr'>quinque</span> <span class='ocrx_word' id='word_1_234' title='bbox 268 1300 453 1341; x_wconf 86' lang='lat' dir='ltr'>vagantium</span> <span class='ocrx_word' id='word_1_235' title='bbox 479 1311 591 1331; x_wconf 88' lang='lat' dir='ltr'>cursus</span> <span class='ocrx_word' id='word_1_236' title='bbox 617 1304 649 1332; x_wconf 89' lang='lat' dir='ltr'>et</span> <span class='ocrx_word' id='word_1_237' title='bbox 674 1311 838 1332; x_wconf 87' lang='lat' dir='ltr'>recursus.</span> <span class='ocrx_word' id='word_1_238' title='bbox 871 1310 1023 1331; x_wconf 82' lang='lat' dir='ltr'>accessus</span> <span class='ocrx_word' id='word_1_239' title='bbox 1049 1303 1081 1330; x_wconf 89' lang='lat' dir='ltr'>et</span> <span class='ocrx_word' id='word_1_240' title='bbox 1102 1309 1251 1330; x_wconf 85' lang='lat' dir='ltr'>recessus</span> <span class='ocrx_word' id='word_1_241' title='bbox 1274 1299 1461 1340; x_wconf 79' lang='lat' dir='ltr'>plenissime</span> <span class='ocrx_word' id='word_1_242' title='bbox 1485 1299 1752 1340; x_wconf 79' lang='lat' dir='ltr'>exploraverunt:</span> 
     </span>
     <span class='ocr_line' id='line_1_32' title="bbox 101 1351 1751 1394; baseline -0.001 -12"><span class='ocrx_word' id='word_1_243' title='bbox 101 1352 135 1382; x_wconf 92' lang='lat' dir='ltr'>in</span> <span class='ocrx_word' id='word_1_244' title='bbox 157 1354 294 1391; x_wconf 83' lang='lat' dir='ltr'>tantum,</span> <span class='ocrx_word' id='word_1_245' title='bbox 317 1356 353 1383; x_wconf 87' lang='lat' dir='ltr'>ut</span> <span class='ocrx_word' id='word_1_246' title='bbox 377 1352 578 1394; x_wconf 79' lang='lat' dir='ltr'>explorando</span> <span class='ocrx_word' id='word_1_247' title='bbox 603 1353 873 1384; x_wconf 84' lang='lat' dir='ltr'>indubitatissime</span> <span class='ocrx_word' id='word_1_248' title='bbox 899 1352 1027 1385; x_wconf 83' lang='lat' dir='ltr'>scirent.</span> <span class='ocrx_word' id='word_1_249' title='bbox 1053 1354 1190 1393; x_wconf 87' lang='lat' dir='ltr'>quantas</span> <span class='ocrx_word' id='word_1_250' title='bbox 1213 1352 1316 1382; x_wconf 86' lang='lat' dir='ltr'>lineas</span> <span class='ocrx_word' id='word_1_251' title='bbox 1334 1351 1454 1382; x_wconf 88' lang='lat' dir='ltr'>zodiaci</span> <span class='ocrx_word' id='word_1_252' title='bbox 1472 1351 1582 1382; x_wconf 86' lang='lat' dir='ltr'>circuli</span> <span class='ocrx_word' id='word_1_253' title='bbox 1606 1359 1751 1390; x_wconf 86' lang='lat' dir='ltr'>unaque-</span> 
     </span>
     <span class='ocr_line' id='line_1_33' title="bbox 101 1402 1752 1446; baseline -0.001 -12"><span class='ocrx_word' id='word_1_254' title='bbox 101 1414 163 1445; x_wconf 92' lang='lat' dir='ltr'>que</span> <span class='ocrx_word' id='word_1_255' title='bbox 188 1404 283 1435; x_wconf 84' lang='lat' dir='ltr'>stella</span> <span class='ocrx_word' id='word_1_256' title='bbox 306 1405 444 1445; x_wconf 85' lang='lat' dir='ltr'>erratica</span> <span class='ocrx_word' id='word_1_257' title='bbox 466 1405 629 1436; x_wconf 88' lang='lat' dir='ltr'>lustraret.</span> <span class='ocrx_word' id='word_1_258' title='bbox 655 1409 687 1436; x_wconf 88' lang='lat' dir='ltr'>et</span> <span class='ocrx_word' id='word_1_259' title='bbox 710 1416 768 1446; x_wconf 90' lang='lat' dir='ltr'>per</span> <span class='ocrx_word' id='word_1_260' title='bbox 792 1415 886 1446; x_wconf 88' lang='lat' dir='ltr'>quam</span> <span class='ocrx_word' id='word_1_261' title='bbox 911 1404 1060 1446; x_wconf 83' lang='lat' dir='ltr'>propriae</span> <span class='ocrx_word' id='word_1_262' title='bbox 1087 1406 1119 1434; x_wconf 88' lang='lat' dir='ltr'>et</span> <span class='ocrx_word' id='word_1_263' title='bbox 1135 1403 1317 1445; x_wconf 84' lang='lat' dir='ltr'>specialiter</span> <span class='ocrx_word' id='word_1_264' title='bbox 1334 1402 1372 1433; x_wconf 90' lang='lat' dir='ltr'>de</span> <span class='ocrx_word' id='word_1_265' title='bbox 1396 1403 1473 1444; x_wconf 84' lang='lat' dir='ltr'>ipsis</span> <span class='ocrx_word' id='word_1_266' title='bbox 1490 1402 1584 1433; x_wconf 88' lang='lat' dir='ltr'>lineis</span> <span class='ocrx_word' id='word_1_267' title='bbox 1602 1402 1633 1432; x_wconf 91' lang='lat' dir='ltr'>in</span> <span class='ocrx_word' id='word_1_268' title='bbox 1657 1412 1752 1443; x_wconf 88' lang='lat' dir='ltr'>prae-</span> 
     </span>
     <span class='ocr_line' id='line_1_34' title="bbox 101 1453 1753 1498; baseline -0.002 -11"><span class='ocrx_word' id='word_1_269' title='bbox 101 1456 185 1487; x_wconf 85' lang='lat' dir='ltr'>senti</span> <span class='ocrx_word' id='word_1_270' title='bbox 216 1456 356 1487; x_wconf 87' lang='lat' dir='ltr'>cursum¹</span> <span class='ocrx_word' id='word_1_271' title='bbox 384 1457 572 1498; x_wconf 71' lang='lat' dir='ltr'>dirigeretm.</span> <span class='ocrx_word' id='word_1_272' title='bbox 609 1461 640 1488; x_wconf 88' lang='lat' dir='ltr'>et</span> <span class='ocrx_word' id='word_1_273' title='bbox 669 1458 701 1488; x_wconf 93' lang='lat' dir='ltr'>in</span> <span class='ocrx_word' id='word_1_274' title='bbox 735 1468 797 1498; x_wconf 93' lang='lat' dir='ltr'>quo</span> <span class='ocrx_word' id='word_1_275' title='bbox 828 1457 919 1498; x_wconf 88' lang='lat' dir='ltr'>signo</span> <span class='ocrx_word' id='word_1_276' title='bbox 949 1460 981 1487; x_wconf 91' lang='lat' dir='ltr'>et</span> <span class='ocrx_word' id='word_1_277' title='bbox 1001 1456 1041 1486; x_wconf 89' lang='lat' dir='ltr'>·in</span> <span class='ocrx_word' id='word_1_278' title='bbox 1074 1466 1137 1497; x_wconf 83' lang='lat' dir='ltr'>qua</span> <span class='ocrx_word' id='word_1_279' title='bbox 1167 1460 1258 1497; x_wconf 87' lang='lat' dir='ltr'>parte</span> <span class='ocrx_word' id='word_1_280' title='bbox 1294 1456 1395 1497; x_wconf 89' lang='lat' dir='ltr'>ipsius</span> <span class='ocrx_word' id='word_1_281' title='bbox 1425 1455 1508 1496; x_wconf 86' lang='lat' dir='ltr'>signi</span> <span class='ocrx_word' id='word_1_282' title='bbox 1540 1459 1637 1485; x_wconf 86' lang='lat' dir='ltr'>esset.</span> <span class='ocrx_word' id='word_1_283' title='bbox 1691 1453 1753 1489; x_wconf 84' lang='lat' dir='ltr'>Qui</span> 
     </span>
     <span class='ocr_line' id='line_1_35' title="bbox 105 1506 1753 1549; baseline -0.001 -11"><span class='ocrx_word' id='word_1_284' title='bbox 105 1518 180 1549; x_wconf 88' lang='lat' dir='ltr'>ergo</span> <span class='ocrx_word' id='word_1_285' title='bbox 204 1508 249 1538; x_wconf 86' lang='lat' dir='ltr'>ita.</span> <span class='ocrx_word' id='word_1_286' title='bbox 272 1507 311 1539; x_wconf 90' lang='lat' dir='ltr'>de</span> <span class='ocrx_word' id='word_1_287' title='bbox 336 1509 571 1547; x_wconf 66' lang='lat' dir='ltr'>subtilioribus,</span> <span class='ocrx_word' id='word_1_288' title='bbox 606 1509 681 1540; x_wconf 86' lang='lat' dir='ltr'>licet</span> <span class='ocrx_word' id='word_1_289' title='bbox 710 1509 794 1540; x_wconf 86' lang='lat' dir='ltr'>veris</span> <span class='ocrx_word' id='word_1_290' title='bbox 819 1512 851 1540; x_wconf 90' lang='lat' dir='ltr'>et</span> <span class='ocrx_word' id='word_1_291' title='bbox 873 1507 1092 1549; x_wconf 57' lang='lat' dir='ltr'>naturalibus</span> <span class='ocrx_word' id='word_1_292' title='bbox 1119 1507 1255 1538; x_wconf 85' lang='lat' dir='ltr'>aliarum</span> <span class='ocrx_word' id='word_1_293' title='bbox 1279 1508 1444 1538; x_wconf 86' lang='lat' dir='ltr'>stellarum</span> <span class='ocrx_word' id='word_1_294' title='bbox 1470 1507 1609 1537; x_wconf 89' lang='lat' dir='ltr'>motibus</span> <span class='ocrx_word' id='word_1_295' title='bbox 1641 1506 1753 1536; x_wconf 87' lang='lat' dir='ltr'>certis-</span> 
     </span>
     <span class='ocr_line' id='line_1_36' title="bbox 102 1559 1754 1602; baseline -0.002 -12"><span class='ocrx_word' id='word_1_296' title='bbox 102 1560 180 1598; x_wconf 73' lang='lat' dir='ltr'>sime</span> <span class='ocrx_word' id='word_1_297' title='bbox 204 1564 237 1591; x_wconf 87' lang='lat' dir='ltr'>et</span> <span class='ocrx_word' id='word_1_298' title='bbox 261 1560 495 1592; x_wconf 86' lang='lat' dir='ltr'>studiosissime</span> <span class='ocrx_word' id='word_1_299' title='bbox 521 1566 759 1602; x_wconf 77' lang='lat' dir='ltr'>cognoverunt.</span> <span class='ocrx_word' id='word_1_300' title='bbox 787 1572 841 1591; x_wconf 86' lang='lat' dir='ltr'>cur</span> <span class='ocrx_word' id='word_1_301' title='bbox 866 1561 944 1591; x_wconf 90' lang='lat' dir='ltr'>solis</span> <span class='ocrx_word' id='word_1_302' title='bbox 970 1564 1001 1591; x_wconf 89' lang='lat' dir='ltr'>et</span> <span class='ocrx_word' id='word_1_303' title='bbox 1025 1560 1121 1590; x_wconf 86' lang='lat' dir='ltr'>lunae</span> <span class='ocrx_word' id='word_1_304' title='bbox 1147 1570 1270 1590; x_wconf 87' lang='lat' dir='ltr'>cursus.</span> <span class='ocrx_word' id='word_1_305' title='bbox 1296 1560 1349 1601; x_wconf 89' lang='lat' dir='ltr'>qui</span> <span class='ocrx_word' id='word_1_306' title='bbox 1368 1570 1443 1590; x_wconf 82' lang='lat' dir='ltr'>vere</span> <span class='ocrx_word' id='word_1_307' title='bbox 1467 1559 1698 1589; x_wconf 85' lang='lat' dir='ltr'>notabiliores¹¹</span> <span class='ocrx_word' id='word_1_308' title='bbox 1724 1561 1754 1587; x_wconf 84' lang='lat' dir='ltr'>et</span> 
     </span>
     <span class='ocr_line' id='line_1_37' title="bbox 102 1609 1754 1654; baseline -0.003 -10"><span class='ocrx_word' id='word_1_309' title='bbox 102 1612 265 1644; x_wconf 79' lang='lat' dir='ltr'>faciliores</span> <span class='ocrx_word' id='word_1_310' title='bbox 291 1616 385 1644; x_wconf 87' lang='lat' dir='ltr'>sunt0</span> <span class='ocrx_word' id='word_1_311' title='bbox 410 1613 450 1644; x_wconf 88' lang='lat' dir='ltr'>ad</span> <span class='ocrx_word' id='word_1_312' title='bbox 475 1613 746 1654; x_wconf 87' lang='lat' dir='ltr'>cognoscendum.</span> <span class='ocrx_word' id='word_1_313' title='bbox 772 1614 968 1654; x_wconf 83' lang='lat' dir='ltr'>ignorarent.</span> <span class='ocrx_word' id='word_1_314' title='bbox 994 1616 1029 1642; x_wconf 87' lang='lat' dir='ltr'>ut</span> <span class='ocrx_word' id='word_1_315' title='bbox 1053 1622 1108 1642; x_wconf 90' lang='lat' dir='ltr'>eos</span> <span class='ocrx_word' id='word_1_316' title='bbox 1126 1612 1250 1643; x_wconf 88' lang='lat' dir='ltr'>lateret.</span> <span class='ocrx_word' id='word_1_317' title='bbox 1276 1611 1437 1653; x_wconf 88' lang='lat' dir='ltr'>quomodo</span> <span class='ocrx_word' id='word_1_318' title='bbox 1462 1611 1513 1642; x_wconf 83' lang='lat' dir='ltr'>vel</span> <span class='ocrx_word' id='word_1_319' title='bbox 1539 1609 1666 1651; x_wconf 83' lang='lat' dir='ltr'>quando</span> <span class='ocrx_word' id='word_1_320' title='bbox 1698 1620 1754 1651; x_wconf 89' lang='lat' dir='ltr'>per</span> 
     </span>
     <span class='ocr_line' id='line_1_38' title="bbox 103 1662 1754 1707; baseline -0.002 -11"><span class='ocrx_word' id='word_1_321' title='bbox 103 1664 240 1696; x_wconf 85' lang='lat' dir='ltr'>eandem</span> <span class='ocrx_word' id='word_1_322' title='bbox 281 1664 404 1696; x_wconf 85' lang='lat' dir='ltr'>zodiaci</span> <span class='ocrx_word' id='word_1_323' title='bbox 445 1665 555 1696; x_wconf 90' lang='lat' dir='ltr'>circuli</span> <span class='ocrx_word' id='word_1_324' title='bbox 593 1665 797 1707; x_wconf 84' lang='lat' dir='ltr'>aeclipticam</span> <span class='ocrx_word' id='word_1_325' title='bbox 840 1665 958 1695; x_wconf 88' lang='lat' dir='ltr'>lineam</span> <span class='ocrx_word' id='word_1_326' title='bbox 996 1668 1181 1698; x_wconf 84' lang='lat' dir='ltr'>currerent.</span> <span class='ocrx_word' id='word_1_327' title='bbox 1227 1668 1259 1694; x_wconf 81' lang='lat' dir='ltr'>et</span> <span class='ocrx_word' id='word_1_328' title='bbox 1293 1664 1381 1694; x_wconf 86' lang='lat' dir='ltr'>illam</span> <span class='ocrx_word' id='word_1_329' title='bbox 1420 1673 1516 1694; x_wconf 87' lang='lat' dir='ltr'>unam</span> <span class='ocrx_word' id='word_1_330' title='bbox 1553 1662 1754 1702; x_wconf 81' lang='lat' dir='ltr'>eandemque</span> 
     </span>
     <span class='ocr_line' id='line_1_39' title="bbox 104 1714 1753 1758; baseline -0.002 -11"><span class='ocrx_word' id='word_1_331' title='bbox 104 1716 289 1754; x_wconf 78' lang='lat' dir='ltr'>lustrantes.</span> <span class='ocrx_word' id='word_1_332' title='bbox 314 1717 347 1748; x_wconf 91' lang='lat' dir='ltr'>in</span> <span class='ocrx_word' id='word_1_333' title='bbox 371 1727 468 1748; x_wconf 88' lang='lat' dir='ltr'>unum</span> <span class='ocrx_word' id='word_1_334' title='bbox 494 1717 620 1758; x_wconf 85' lang='lat' dir='ltr'>signum</span> <span class='ocrx_word' id='word_1_335' title='bbox 646 1722 677 1748; x_wconf 86' lang='lat' dir='ltr'>et</span> <span class='ocrx_word' id='word_1_336' title='bbox 702 1717 733 1747; x_wconf 93' lang='lat' dir='ltr'>in</span> <span class='ocrx_word' id='word_1_337' title='bbox 758 1727 854 1748; x_wconf 88' lang='lat' dir='ltr'>unam</span> <span class='ocrx_word' id='word_1_338' title='bbox 879 1721 1003 1758; x_wconf 85' lang='lat' dir='ltr'>partem</span> <span class='ocrx_word' id='word_1_339' title='bbox 1023 1716 1154 1751; x_wconf 68' lang='lat' dir='ltr'>coirent,</span> <span class='ocrx_word' id='word_1_340' title='bbox 1179 1719 1210 1745; x_wconf 89' lang='lat' dir='ltr'>et</span> <span class='ocrx_word' id='word_1_341' title='bbox 1234 1715 1266 1746; x_wconf 95' lang='lat' dir='ltr'>in</span> <span class='ocrx_word' id='word_1_342' title='bbox 1285 1714 1419 1745; x_wconf 86' lang='lat' dir='ltr'>eandem</span> <span class='ocrx_word' id='word_1_343' title='bbox 1443 1718 1568 1756; x_wconf 86' lang='lat' dir='ltr'>partem</span> <span class='ocrx_word' id='word_1_344' title='bbox 1592 1718 1753 1746; x_wconf 82' lang='lat' dir='ltr'>coeuntes.</span> 
     </span>
     <span class='ocr_line' id='line_1_40' title="bbox 105 1768 1097 1810; baseline -0.001 -11"><span class='ocrx_word' id='word_1_345' title='bbox 105 1768 245 1810; x_wconf 84' lang='lat' dir='ltr'>lunaque</span> <span class='ocrx_word' id='word_1_346' title='bbox 270 1769 300 1799; x_wconf 89' lang='lat' dir='ltr'>in</span> <span class='ocrx_word' id='word_1_347' title='bbox 326 1769 397 1810; x_wconf 85' lang='lat' dir='ltr'>ipsa</span> <span class='ocrx_word' id='word_1_348' title='bbox 421 1769 482 1799; x_wconf 84' lang='lat' dir='ltr'>soli</span> <span class='ocrx_word' id='word_1_349' title='bbox 507 1769 702 1800; x_wconf 88' lang='lat' dir='ltr'>succedente</span> <span class='ocrx_word' id='word_1_350' title='bbox 727 1769 866 1810; x_wconf 83' lang='lat' dir='ltr'>eclypsis</span> <span class='ocrx_word' id='word_1_351' title='bbox 891 1769 983 1799; x_wconf 86' lang='lat' dir='ltr'>fieret</span> <span class='ocrx_word' id='word_1_352' title='bbox 1008 1768 1097 1799; x_wconf 90' lang='lat' dir='ltr'>solis.</span> 
     </span>
    </p>

    <p class='ocr_par' dir='ltr' id='par_1_15' title="bbox 103 1817 1872 2540">
     <span class='ocr_line' id='line_1_41' title="bbox 207 1817 1755 1863; baseline -0.002 -11"><span class='ocrx_word' id='word_1_353' title='bbox 207 1820 278 1852; x_wconf 88' lang='lat' dir='ltr'>Non</span> <span class='ocrx_word' id='word_1_354' title='bbox 303 1821 405 1852; x_wconf 89' lang='lat' dir='ltr'>solum</span> <span class='ocrx_word' id='word_1_355' title='bbox 422 1831 500 1863; x_wconf 85' lang='lat' dir='ltr'>ergo</span> <span class='ocrx_word' id='word_1_356' title='bbox 518 1821 675 1863; x_wconf 85' lang='lat' dir='ltr'>praedicti</span> <span class='ocrx_word' id='word_1_357' title='bbox 699 1821 881 1863; x_wconf 88' lang='lat' dir='ltr'>philosophi</span> <span class='ocrx_word' id='word_1_358' title='bbox 900 1821 1055 1862; x_wconf 70' lang='lat' dir='ltr'>eclypsin,</span> <span class='ocrx_word' id='word_1_359' title='bbox 1068 1820 1138 1851; x_wconf 58' lang='lat' dir='ltr'>‘hoc</span> <span class='ocrx_word' id='word_1_360' title='bbox 1157 1823 1206 1851; x_wconf 85' lang='lat' dir='ltr'>est</span> <span class='ocrx_word' id='word_1_361' title='bbox 1222 1819 1385 1851; x_wconf 88' lang='lat' dir='ltr'>defectum</span> <span class='ocrx_word' id='word_1_362' title='bbox 1404 1820 1491 1857; x_wconf 77' lang='lat' dir='ltr'>solis.</span> <span class='ocrx_word' id='word_1_363' title='bbox 1516 1817 1755 1860; x_wconf 86' lang='lat' dir='ltr'>praesciebant.</span> 
     </span>
     <span class='ocr_line' id='line_1_42' title="bbox 104 1869 1754 1915; baseline -0.002 -11"><span class='ocrx_word' id='word_1_364' title='bbox 104 1877 137 1904; x_wconf 88' lang='lat' dir='ltr'>et</span> <span class='ocrx_word' id='word_1_365' title='bbox 165 1873 386 1915; x_wconf 88' lang='lat' dir='ltr'>praescientes</span> <span class='ocrx_word' id='word_1_366' title='bbox 412 1873 660 1915; x_wconf 84' lang='lat' dir='ltr'>praedicebant.</span> <span class='ocrx_word' id='word_1_367' title='bbox 691 1872 818 1914; x_wconf 89' lang='lat' dir='ltr'>quando</span> <span class='ocrx_word' id='word_1_368' title='bbox 849 1878 921 1914; x_wconf 90' lang='lat' dir='ltr'>post</span> <span class='ocrx_word' id='word_1_369' title='bbox 950 1883 1049 1903; x_wconf 89' lang='lat' dir='ltr'>unum</span> <span class='ocrx_word' id='word_1_370' title='bbox 1080 1882 1225 1903; x_wconf 88' lang='lat' dir='ltr'>mensem</span> <span class='ocrx_word' id='word_1_371' title='bbox 1253 1872 1381 1903; x_wconf 87' lang='lat' dir='ltr'>futurus</span> <span class='ocrx_word' id='word_1_372' title='bbox 1411 1876 1512 1902; x_wconf 85' lang='lat' dir='ltr'>esset.</span> <span class='ocrx_word' id='word_1_373' title='bbox 1545 1870 1602 1901; x_wconf 87' lang='lat' dir='ltr'>sed</span> <span class='ocrx_word' id='word_1_374' title='bbox 1626 1869 1754 1911; x_wconf 89' lang='lat' dir='ltr'>quando</span> 
     </span>
     <span class='ocr_line' id='line_1_43' title="bbox 103 1922 1754 1967; baseline -0.002 -11"><span class='ocrx_word' id='word_1_375' title='bbox 103 1928 197 1967; x_wconf 80' lang='lat' dir='ltr'>postp</span> <span class='ocrx_word' id='word_1_376' title='bbox 221 1935 338 1956; x_wconf 88' lang='lat' dir='ltr'>annum</span> <span class='ocrx_word' id='word_1_377' title='bbox 363 1928 417 1956; x_wconf 89' lang='lat' dir='ltr'>aut</span> <span class='ocrx_word' id='word_1_378' title='bbox 441 1925 505 1956; x_wconf 84' lang='lat' dir='ltr'>XX</span> <span class='ocrx_word' id='word_1_379' title='bbox 529 1931 651 1956; x_wconf 76' lang='lat' dir='ltr'>annosq</span> <span class='ocrx_word' id='word_1_380' title='bbox 675 1929 730 1956; x_wconf 91' lang='lat' dir='ltr'>aut</span> <span class='ocrx_word' id='word_1_381' title='bbox 755 1929 883 1955; x_wconf 81' lang='lat' dir='ltr'>eentum</span> <span class='ocrx_word' id='word_1_382' title='bbox 908 1928 963 1955; x_wconf 89' lang='lat' dir='ltr'>aut</span> <span class='ocrx_word' id='word_1_383' title='bbox 987 1924 1073 1955; x_wconf 90' lang='lat' dir='ltr'>mille</span> <span class='ocrx_word' id='word_1_384' title='bbox 1103 1935 1204 1954; x_wconf 89' lang='lat' dir='ltr'>annos</span> <span class='ocrx_word' id='word_1_385' title='bbox 1231 1927 1429 1965; x_wconf 88' lang='lat' dir='ltr'>sequeretur.</span> <span class='ocrx_word' id='word_1_386' title='bbox 1453 1934 1512 1965; x_wconf 88' lang='lat' dir='ltr'>per</span> <span class='ocrx_word' id='word_1_387' title='bbox 1536 1922 1754 1964; x_wconf 83' lang='lat' dir='ltr'>supradictam</span> 
     </span>
     <span class='ocr_line' id='line_1_44' title="bbox 105 1973 1755 2018; baseline -0.003 -10"><span class='ocrx_word' id='word_1_388' title='bbox 105 1981 277 2018; x_wconf 80' lang='lat' dir='ltr'>sagacemr</span> <span class='ocrx_word' id='word_1_389' title='bbox 300 1977 555 2018; x_wconf 81' lang='lat' dir='ltr'>explorationem</span> <span class='ocrx_word' id='word_1_390' title='bbox 580 1982 612 2008; x_wconf 79' lang='lat' dir='ltr'>et</span> <span class='ocrx_word' id='word_1_391' title='bbox 629 1977 815 2018; x_wconf 85' lang='lat' dir='ltr'>diligentem</span> <span class='ocrx_word' id='word_1_392' title='bbox 840 1976 1101 2007; x_wconf 73' lang='lat' dir='ltr'>observationem</span> <span class='ocrx_word' id='word_1_393' title='bbox 1118 1976 1215 2017; x_wconf 84' lang='lat' dir='ltr'>longe</span> <span class='ocrx_word' id='word_1_394' title='bbox 1240 1980 1316 2006; x_wconf 86' lang='lat' dir='ltr'>ante</span> <span class='ocrx_word' id='word_1_395' title='bbox 1341 1976 1468 2017; x_wconf 84' lang='lat' dir='ltr'>experti</span> <span class='ocrx_word' id='word_1_396' title='bbox 1490 1973 1755 2016; x_wconf 86' lang='lat' dir='ltr'>praesignabant.</span> 
     </span>
     <span class='ocr_line' id='line_1_45' title="bbox 109 2024 1754 2070; baseline -0.002 -10"><span class='ocrx_word' id='word_1_397' title='bbox 109 2027 174 2060; x_wconf 90' lang='lat' dir='ltr'>Sed</span> <span class='ocrx_word' id='word_1_398' title='bbox 198 2032 234 2060; x_wconf 86' lang='lat' dir='ltr'>ut</span> <span class='ocrx_word' id='word_1_399' title='bbox 257 2029 330 2070; x_wconf 90' lang='lat' dir='ltr'>plus</span> <span class='ocrx_word' id='word_1_400' title='bbox 353 2029 524 2060; x_wconf 90' lang='lat' dir='ltr'>miremini.</span> <span class='ocrx_word' id='word_1_401' title='bbox 548 2039 652 2070; x_wconf 88' lang='lat' dir='ltr'>usque</span> <span class='ocrx_word' id='word_1_402' title='bbox 677 2028 717 2060; x_wconf 89' lang='lat' dir='ltr'>ad</span> <span class='ocrx_word' id='word_1_403' title='bbox 742 2028 922 2070; x_wconf 82' lang='lat' dir='ltr'>quindecim</span> <span class='ocrx_word' id='word_1_404' title='bbox 946 2028 1035 2058; x_wconf 88' lang='lat' dir='ltr'>milia</span> <span class='ocrx_word' id='word_1_405' title='bbox 1051 2038 1209 2058; x_wconf 91' lang='lat' dir='ltr'>annorum</span> <span class='ocrx_word' id='word_1_406' title='bbox 1224 2027 1343 2058; x_wconf 86' lang='lat' dir='ltr'>talibus</span> <span class='ocrx_word' id='word_1_407' title='bbox 1363 2027 1563 2068; x_wconf 86' lang='lat' dir='ltr'>argumentis</span> <span class='ocrx_word' id='word_1_408' title='bbox 1580 2024 1754 2067; x_wconf 86' lang='lat' dir='ltr'>protende-</span> 
     </span>
     <span class='ocr_line' id='line_1_46' title="bbox 105 2079 1755 2118; baseline -0.002 -8"><span class='ocrx_word' id='word_1_409' title='bbox 105 2084 187 2112; x_wconf 89' lang='lat' dir='ltr'>runt.</span> <span class='ocrx_word' id='word_1_410' title='bbox 229 2080 308 2112; x_wconf 91' lang='lat' dir='ltr'>Inde</span> <span class='ocrx_word' id='word_1_411' title='bbox 333 2080 446 2112; x_wconf 88' lang='lat' dir='ltr'>Cicero</span> <span class='ocrx_word' id='word_1_412' title='bbox 472 2081 628 2112; x_wconf 81' lang='lat' dir='ltr'>visionem</span> <span class='ocrx_word' id='word_1_413' title='bbox 652 2081 797 2112; x_wconf 83' lang='lat' dir='ltr'>Africani</span> <span class='ocrx_word' id='word_1_414' title='bbox 823 2081 967 2111; x_wconf 85' lang='lat' dir='ltr'>referens</span> <span class='ocrx_word' id='word_1_415' title='bbox 992 2081 1035 2110; x_wconf 89' lang='lat' dir='ltr'>ita</span> <span class='ocrx_word' id='word_1_416' title='bbox 1062 2079 1153 2110; x_wconf 83' lang='lat' dir='ltr'>dicit:</span> <span class='ocrx_word' id='word_1_417' title='bbox 1180 2080 1343 2110; x_wconf 52' lang='grc' dir='ltr'>Ἡοιυίικςε2</span> <span class='ocrx_word' id='word_1_418' title='bbox 1368 2083 1544 2118; x_wconf 80' lang='lat' dir='ltr'>populariter</span> <span class='ocrx_word' id='word_1_419' title='bbox 1568 2091 1671 2108; x_wconf 81' lang='lat' dir='ltr'>annum</span> <span class='ocrx_word' id='word_1_420' title='bbox 1695 2083 1755 2107; x_wconf 84' lang='lat' dir='ltr'>tan-</span> 
     </span>
     <span class='ocr_line' id='line_1_47' title="bbox 105 2135 1754 2170; baseline -0.002 -7"><span class='ocrx_word' id='word_1_421' title='bbox 105 2138 182 2163; x_wconf 80' lang='lat' dir='ltr'>tum⁸</span> <span class='ocrx_word' id='word_1_422' title='bbox 205 2137 280 2169; x_wconf 85' lang='lat' dir='ltr'>solis,</span> <span class='ocrx_word' id='word_1_423' title='bbox 305 2138 342 2169; x_wconf 86' lang='lat' dir='ltr'>[id</span> <span class='ocrx_word' id='word_1_424' title='bbox 365 2135 433 2170; x_wconf 58' lang='grc' dir='ltr'>051]ί</span> <span class='ocrx_word' id='word_1_425' title='bbox 455 2138 536 2165; x_wconf 76' lang='lat' dir='ltr'>unius</span> <span class='ocrx_word' id='word_1_426' title='bbox 561 2139 629 2164; x_wconf 77' lang='lat' dir='ltr'>astri</span> <span class='ocrx_word' id='word_1_427' title='bbox 654 2138 766 2165; x_wconf 77' lang='lat' dir='ltr'>redituu</span> <span class='ocrx_word' id='word_1_428' title='bbox 785 2137 947 2169; x_wconf 68' lang='lat' dir='ltr'>metiuntur,</span> <span class='ocrx_word' id='word_1_429' title='bbox 974 2147 1001 2163; x_wconf 75' lang='lat' dir='ltr'>re</span> <span class='ocrx_word' id='word_1_430' title='bbox 1027 2140 1121 2163; x_wconf 75' lang='lat' dir='ltr'>autem</span> <span class='ocrx_word' id='word_1_431' title='bbox 1145 2139 1223 2163; x_wconf 81' lang='lat' dir='ltr'>recta</span> <span class='ocrx_word' id='word_1_432' title='bbox 1247 2146 1308 2162; x_wconf 83' lang='lat' dir='ltr'>cum</span> <span class='ocrx_word' id='word_1_433' title='bbox 1332 2136 1366 2162; x_wconf 74' lang='lat' dir='ltr'>ud</span> <span class='ocrx_word' id='word_1_434' title='bbox 1391 2136 1464 2162; x_wconf 85' lang='lat' dir='ltr'>idem</span> <span class='ocrx_word' id='word_1_435' title='bbox 1488 2136 1561 2162; x_wconf 82' lang='lat' dir='ltr'>unde</span> <span class='ocrx_word' id='word_1_436' title='bbox 1585 2135 1669 2161; x_wconf 77' lang='lat' dir='ltr'>semel</span> <span class='ocrx_word' id='word_1_437' title='bbox 1694 2143 1754 2168; x_wconf 80' lang='lat' dir='ltr'>pro-</span> 
     </span>
     <span class='ocr_line' id='line_1_48' title="bbox 106 2186 1756 2224; baseline -0.003 -8"><span class='ocrx_word' id='word_1_438' title='bbox 106 2189 180 2216; x_wconf 76' lang='lat' dir='ltr'>fecta</span> <span class='ocrx_word' id='word_1_439' title='bbox 196 2191 269 2221; x_wconf 77' lang='lat' dir='ltr'>sunt,</span> <span class='ocrx_word' id='word_1_440' title='bbox 294 2192 394 2217; x_wconf 75' lang='lat' dir='ltr'>cuncta</span> <span class='ocrx_word' id='word_1_441' title='bbox 411 2192 488 2216; x_wconf 83' lang='lat' dir='ltr'>astra.</span> <span class='ocrx_word' id='word_1_442' title='bbox 504 2191 648 2217; x_wconf 84' lang='lat' dir='ltr'>redierunt</span> <span class='ocrx_word' id='word_1_443' title='bbox 665 2191 838 2224; x_wconf 72' lang='lat' dir='ltr'>eandemque</span> <span class='ocrx_word' id='word_1_444' title='bbox 855 2189 942 2216; x_wconf 76' lang='lat' dir='ltr'>totius</span> <span class='ocrx_word' id='word_1_445' title='bbox 963 2189 1033 2215; x_wconf 79' lang='lat' dir='ltr'>caeli</span> <span class='ocrx_word' id='word_1_446' title='bbox 1050 2189 1281 2223; x_wconf 80' lang='lat' dir='ltr'>discriptionemv</span> <span class='ocrx_word' id='word_1_447' title='bbox 1301 2188 1392 2222; x_wconf 75' lang='lat' dir='ltr'>longis</span> <span class='ocrx_word' id='word_1_448' title='bbox 1414 2187 1569 2214; x_wconf 72' lang='lat' dir='ltr'>intervallis</span> <span class='ocrx_word' id='word_1_449' title='bbox 1586 2186 1756 2212; x_wconf 62' lang='lat' dir='ltr'>retulerunt:</span> 
     </span>
     <span class='ocr_line' id='line_1_49' title="bbox 107 2238 1755 2276; baseline -0.002 -10"><span class='ocrx_word' id='word_1_450' title='bbox 107 2241 192 2267; x_wconf 76' lang='lat' dir='ltr'>tumw</span> <span class='ocrx_word' id='word_1_451' title='bbox 216 2241 263 2268; x_wconf 90' lang='lat' dir='ltr'>ille</span> <span class='ocrx_word' id='word_1_452' title='bbox 293 2250 357 2268; x_wconf 89' lang='lat' dir='ltr'>vere</span> <span class='ocrx_word' id='word_1_453' title='bbox 381 2245 493 2269; x_wconf 80' lang='lat' dir='ltr'>vertens</span> <span class='ocrx_word' id='word_1_454' title='bbox 524 2252 612 2269; x_wconf 76' lang='lat' dir='ltr'>annus</span> <span class='ocrx_word' id='word_1_455' title='bbox 641 2243 778 2276; x_wconf 80' lang='lat' dir='ltr'>appellari</span> <span class='ocrx_word' id='word_1_456' title='bbox 803 2244 911 2276; x_wconf 73' lang='lat' dir='ltr'>potest,</span> <span class='ocrx_word' id='word_1_457' title='bbox 942 2242 970 2268; x_wconf 89' lang='lat' dir='ltr'>in</span> <span class='ocrx_word' id='word_1_458' title='bbox 999 2251 1054 2275; x_wconf 88' lang='lat' dir='ltr'>quo</span> <span class='ocrx_word' id='word_1_459' title='bbox 1078 2241 1124 2267; x_wconf 78' lang='lat' dir='ltr'>vix</span> <span class='ocrx_word' id='word_1_460' title='bbox 1154 2241 1245 2268; x_wconf 75' lang='lat' dir='ltr'>dicere</span> <span class='ocrx_word' id='word_1_461' title='bbox 1274 2241 1363 2267; x_wconf 83' lang='lat' dir='ltr'>audeo</span> <span class='ocrx_word' id='word_1_462' title='bbox 1392 2250 1475 2273; x_wconf 86' lang='lat' dir='ltr'>quam</span> <span class='ocrx_word' id='word_1_463' title='bbox 1499 2240 1588 2266; x_wconf 76' lang='lat' dir='ltr'>inulta</span> <span class='ocrx_word' id='word_1_464' title='bbox 1612 2238 1755 2265; x_wconf 84' lang='lat' dir='ltr'>hominum</span> 
     </span>
     <span class='ocr_line' id='line_1_50' title="bbox 109 2289 1756 2334; baseline -0.002 -16"><span class='ocrx_word' id='word_1_465' title='bbox 109 2292 204 2334; x_wconf 70' lang='lat' dir='ltr'>secula</span> <span class='ocrx_word' id='word_1_466' title='bbox 226 2294 386 2320; x_wconf 75' lang='lat' dir='ltr'>teneantur.</span> <span class='ocrx_word' id='word_1_467' title='bbox 420 2293 547 2328; x_wconf 88' lang='lat' dir='ltr'>Namque</span> <span class='ocrx_word' id='word_1_468' title='bbox 570 2296 601 2320; x_wconf 88' lang='lat' dir='ltr'>ut</span> <span class='ocrx_word' id='word_1_469' title='bbox 626 2294 692 2320; x_wconf 91' lang='lat' dir='ltr'>olim</span> <span class='ocrx_word' id='word_1_470' title='bbox 715 2294 831 2320; x_wconf 85' lang='lat' dir='ltr'>deficere</span> <span class='ocrx_word' id='word_1_471' title='bbox 856 2294 897 2320; x_wconf 84' lang='lat' dir='ltr'>sol</span> <span class='ocrx_word' id='word_1_472' title='bbox 914 2293 1074 2320; x_wconf 81' lang='lat' dir='ltr'>hominibus</span> <span class='ocrx_word' id='word_1_473' title='bbox 1098 2293 1283 2327; x_wconf 78' lang='lat' dir='ltr'>extinguique</span> <span class='ocrx_word' id='word_1_474' title='bbox 1300 2293 1375 2319; x_wconf 79' lang='lat' dir='ltr'>visus</span> <span class='ocrx_word' id='word_1_475' title='bbox 1399 2295 1454 2323; x_wconf 74' lang='lat' dir='ltr'>est,</span> <span class='ocrx_word' id='word_1_476' title='bbox 1478 2301 1540 2318; x_wconf 82' lang='lat' dir='ltr'>cum</span> <span class='ocrx_word' id='word_1_477' title='bbox 1564 2290 1675 2317; x_wconf 81' lang='lat' dir='ltr'>Romuli</span> <span class='ocrx_word' id='word_1_478' title='bbox 1699 2289 1756 2316; x_wconf 87' lang='lat' dir='ltr'>ani-</span> 
     </span>
     <span class='ocr_line' id='line_1_51' title="bbox 105 2343 1872 2387; baseline -0.001 -17"><span class='ocrx_word' id='word_1_479' title='bbox 105 2353 167 2370; x_wconf 87' lang='lat' dir='ltr'>mus</span> <span class='ocrx_word' id='word_1_480' title='bbox 192 2345 262 2372; x_wconf 88' lang='lat' dir='ltr'>haec</span> <span class='ocrx_word' id='word_1_481' title='bbox 284 2345 346 2380; x_wconf 87' lang='lat' dir='ltr'>ipsa</span> <span class='ocrx_word' id='word_1_482' title='bbox 369 2346 398 2387; x_wconf 78' lang='lat' dir='ltr'>in</span> <span class='ocrx_word' id='word_1_483' title='bbox 422 2347 527 2380; x_wconf 86' lang='lat' dir='ltr'>templa</span> <span class='ocrx_word' id='word_1_484' title='bbox 553 2346 728 2380; x_wconf 81' lang='lat' dir='ltr'>penetravit,</span> <span class='ocrx_word' id='word_1_485' title='bbox 762 2346 952 2379; x_wconf 73' lang='lat' dir='ltr'>*quandoque</span> <span class='ocrx_word' id='word_1_486' title='bbox 976 2346 1011 2371; x_wconf 85' lang='lat' dir='ltr'>ab</span> <span class='ocrx_word' id='word_1_487' title='bbox 1036 2345 1133 2371; x_wconf 81' lang='lat' dir='ltr'>eadem</span> <span class='ocrx_word' id='word_1_488' title='bbox 1156 2346 1237 2379; x_wconf 84' lang='lat' dir='ltr'>parte</span> <span class='ocrx_word' id='word_1_489' title='bbox 1261 2345 1302 2371; x_wconf 89' lang='lat' dir='ltr'>sol</span> <span class='ocrx_word' id='word_1_490' title='bbox 1327 2345 1480 2378; x_wconf 78' lang='lat' dir='ltr'>eodemque</span> <span class='ocrx_word' id='word_1_491' title='bbox 1504 2346 1630 2377; x_wconf 77' lang='lat' dir='ltr'>tempore</span> <span class='ocrx_word' id='word_1_492' title='bbox 1655 2343 1810 2369; x_wconf 65' lang='lat' dir='ltr'>iterum-501</span> <span class='ocrx_word' id='word_1_493' title='bbox 1833 2349 1872 2368; x_wconf 94' lang='lat'>11¹.</span> 
     </span>
     <span class='ocr_line' id='line_1_52' title="bbox 105 2395 1755 2432; baseline 0.001 -10"><span class='ocrx_word' id='word_1_494' title='bbox 105 2396 253 2429; x_wconf 79' lang='lat' dir='ltr'>defecerit,</span> <span class='ocrx_word' id='word_1_495' title='bbox 286 2399 345 2424; x_wconf 80' lang='lat' dir='ltr'>tum</span> <span class='ocrx_word' id='word_1_496' title='bbox 375 2398 462 2432; x_wconf 81' lang='lat' dir='ltr'>signis</span> <span class='ocrx_word' id='word_1_497' title='bbox 493 2398 622 2425; x_wconf 87' lang='lat' dir='ltr'>omnibus</span> <span class='ocrx_word' id='word_1_498' title='bbox 651 2399 686 2424; x_wconf 88' lang='lat' dir='ltr'>ad</span> <span class='ocrx_word' id='word_1_499' title='bbox 714 2398 788 2425; x_wconf 74' lang='lat' dir='ltr'>idem</span> <span class='ocrx_word' id='word_1_500' title='bbox 811 2398 980 2432; x_wconf 86' lang='lat' dir='ltr'>principium</span> <span class='ocrx_word' id='word_1_501' title='bbox 1005 2397 1151 2430; x_wconf 79' lang='lat' dir='ltr'>stellisque</span> <span class='ocrx_word' id='word_1_502' title='bbox 1181 2397 1320 2423; x_wconf 79' lang='lat' dir='ltr'>revocatis</span> <span class='ocrx_word' id='word_1_503' title='bbox 1345 2397 1488 2430; x_wconf 82' lang='lat' dir='ltr'>expletum</span> <span class='ocrx_word' id='word_1_504' title='bbox 1512 2405 1614 2422; x_wconf 89' lang='lat' dir='ltr'>annum</span> <span class='ocrx_word' id='word_1_505' title='bbox 1639 2395 1755 2423; x_wconf 80' lang='lat' dir='ltr'>habeto:</span> 
     </span>
     <span class='ocr_line' id='line_1_53' title="bbox 106 2443 1755 2484; baseline -0.001 -10"><span class='ocrx_word' id='word_1_506' title='bbox 106 2448 186 2475; x_wconf 73' lang='lat' dir='ltr'>cujus</span> <span class='ocrx_word' id='word_1_507' title='bbox 209 2449 322 2483; x_wconf 87' lang='lat' dir='ltr'>quidem</span> <span class='ocrx_word' id='word_1_508' title='bbox 345 2451 412 2476; x_wconf 88' lang='lat' dir='ltr'>anni</span> <span class='ocrx_word' id='word_1_509' title='bbox 436 2451 559 2477; x_wconf 85' lang='lat' dir='ltr'>nondum</span> <span class='ocrx_word' id='word_1_510' title='bbox 577 2450 737 2477; x_wconf 78' lang='lat' dir='ltr'>vicesimam</span> <span class='ocrx_word' id='word_1_511' title='bbox 762 2452 871 2484; x_wconf 82' lang='lat' dir='ltr'>partem</span> <span class='ocrx_word' id='word_1_512' title='bbox 895 2450 1018 2476; x_wconf 80' lang='lat' dir='ltr'>scitotex</span> <span class='ocrx_word' id='word_1_513' title='bbox 1042 2458 1102 2475; x_wconf 73' lang='lat' dir='ltr'>esse</span> <span class='ocrx_word' id='word_1_514' title='bbox 1120 2450 1300 2475; x_wconf 83' lang='lat' dir='ltr'>conversam&#39;.</span> <span class='ocrx_word' id='word_1_515' title='bbox 1339 2444 1431 2479; x_wconf 78' lang='lat' dir='ltr'>Quae</span> <span class='ocrx_word' id='word_1_516' title='bbox 1450 2443 1546 2474; x_wconf 73' lang='lat' dir='ltr'>verba</span> <span class='ocrx_word' id='word_1_517' title='bbox 1562 2443 1659 2473; x_wconf 83' lang='lat' dir='ltr'>Tullii</span> <span class='ocrx_word' id='word_1_518' title='bbox 1678 2443 1755 2473; x_wconf 80' lang='lat' dir='ltr'>Am-</span> 
     </span>
     <span class='ocr_line' id='line_1_54' title="bbox 107 2495 1756 2540; baseline -0.002 -14"><span class='ocrx_word' id='word_1_519' title='bbox 107 2495 258 2527; x_wconf 80' lang='lat' dir='ltr'>brosiana</span> <span class='ocrx_word' id='word_1_520' title='bbox 286 2499 451 2539; x_wconf 58' lang='lat' dir='ltr'>expressio</span> <span class='ocrx_word' id='word_1_521' title='bbox 482 2499 585 2539; x_wconf 71' lang='lat' dir='ltr'>aperit</span> <span class='ocrx_word' id='word_1_522' title='bbox 613 2497 673 2528; x_wconf 81' lang='lat' dir='ltr'>hoc</span> <span class='ocrx_word' id='word_1_523' title='bbox 706 2497 799 2528; x_wconf 85' lang='lat' dir='ltr'>modo</span> <span class='ocrx_word' id='word_1_524' title='bbox 829 2502 926 2538; x_wconf 76' lang='lat' dir='ltr'>atque</span> <span class='ocrx_word' id='word_1_525' title='bbox 957 2497 1245 2540; x_wconf 43' lang='lat' dir='ltr'>pandit321‘Anuus</span> <span class='ocrx_word' id='word_1_526' title='bbox 1269 2510 1325 2527; x_wconf 87' lang='lat' dir='ltr'>non</span> <span class='ocrx_word' id='word_1_527' title='bbox 1350 2501 1372 2526; x_wconf 89' lang='lat' dir='ltr'>is</span> <span class='ocrx_word' id='word_1_528' title='bbox 1397 2500 1471 2527; x_wconf 81' lang='lat' dir='ltr'>solus</span> <span class='ocrx_word' id='word_1_529' title='bbox 1497 2502 1546 2527; x_wconf 75' lang='lat' dir='ltr'>est.</span> <span class='ocrx_word' id='word_1_530' title='bbox 1572 2508 1654 2533; x_wconf 85' lang='lat' dir='ltr'>quem</span> <span class='ocrx_word' id='word_1_531' title='bbox 1684 2508 1756 2524; x_wconf 84' lang='lat' dir='ltr'>nunc</span> 
     </span>
    </p>
   </div>
   <div class='ocr_carea' id='block_1_12' title="bbox 106 2590 1758 2800">
    <p class='ocr_par' dir='ltr' id='par_1_16' title="bbox 106 2590 1758 2800">
     <span class='ocr_line' id='line_1_55' title="bbox 210 2590 1757 2626; baseline -0.003 -8"><span class='ocrx_word' id='word_1_532' title='bbox 210 2596 233 2619; x_wconf 71' lang='lat'>³)</span> <span class='ocrx_word' id='word_1_533' title='bbox 253 2598 321 2619; x_wconf 79' lang='lat' dir='ltr'>terra</span> <span class='ocrx_word' id='word_1_534' title='bbox 339 2593 368 2618; x_wconf 83' lang='lat' dir='ltr'>P.</span> <span class='ocrx_word' id='word_1_535' title='bbox 446 2593 470 2625; x_wconf 84' lang='lat' dir='ltr'>b)</span> <span class='ocrx_word' id='word_1_536' title='bbox 490 2594 613 2626; x_wconf 83' lang='lat' dir='ltr'>hyemisp.</span> <span class='ocrx_word' id='word_1_537' title='bbox 635 2593 663 2617; x_wconf 84' lang='lat' dir='ltr'>P.</span> <span class='ocrx_word' id='word_1_538' title='bbox 745 2594 766 2622; x_wconf 53' lang='grc' dir='ltr'>θ’)</span> <span class='ocrx_word' id='word_1_539' title='bbox 786 2593 898 2617; x_wconf 84' lang='lat' dir='ltr'>eiusdem</span> <span class='ocrx_word' id='word_1_540' title='bbox 919 2593 948 2617; x_wconf 81' lang='lat' dir='ltr'>R.</span> <span class='ocrx_word' id='word_1_541' title='bbox 1021 2591 1047 2621; x_wconf 65' lang='lat' dir='ltr'>d)</span> <span class='ocrx_word' id='word_1_542' title='bbox 1066 2597 1159 2616; x_wconf 75' lang='lat' dir='ltr'>terram</span> <span class='ocrx_word' id='word_1_543' title='bbox 1179 2591 1208 2615; x_wconf 86' lang='lat' dir='ltr'>P.</span> <span class='ocrx_word' id='word_1_544' title='bbox 1284 2596 1306 2614; x_wconf 78' lang='lat' dir='ltr'>e,</span> <span class='ocrx_word' id='word_1_545' title='bbox 1326 2592 1400 2615; x_wconf 81' lang='lat' dir='ltr'>immo</span> <span class='ocrx_word' id='word_1_546' title='bbox 1419 2591 1465 2615; x_wconf 71' lang='grc' dir='ltr'>ΧΥ</span> <span class='ocrx_word' id='word_1_547' title='bbox 1479 2591 1614 2615; x_wconf 77' lang='lat' dir='ltr'>secundum</span> <span class='ocrx_word' id='word_1_548' title='bbox 1635 2590 1757 2614; x_wconf 76' lang='lat' dir='ltr'>I’Iinimn.</span> 
     </span>
     <span class='ocr_line' id='line_1_56' title="bbox 107 2632 1757 2669; baseline -0.004 -6"><span class='ocrx_word' id='word_1_549' title='bbox 107 2636 148 2667; x_wconf 74' lang='lat' dir='ltr'>e*)</span> <span class='ocrx_word' id='word_1_550' title='bbox 167 2638 346 2662; x_wconf 77' lang='lat' dir='ltr'>auctoritatem</span> <span class='ocrx_word' id='word_1_551' title='bbox 367 2637 396 2661; x_wconf 87' lang='lat' dir='ltr'>P.</span> <span class='ocrx_word' id='word_1_552' title='bbox 458 2636 479 2667; x_wconf 73' lang='lat' dir='ltr'>f)</span> <span class='ocrx_word' id='word_1_553' title='bbox 500 2638 694 2669; x_wconf 80' lang='lat' dir='ltr'>perspacissima</span> <span class='ocrx_word' id='word_1_554' title='bbox 714 2637 742 2661; x_wconf 79' lang='grc' dir='ltr'>Ρ.</span> <span class='ocrx_word' id='word_1_555' title='bbox 809 2637 833 2661; x_wconf 68' lang='lat' dir='ltr'>l—&#39;l</span> <span class='ocrx_word' id='word_1_556' title='bbox 853 2645 902 2669; x_wconf 84' lang='lat' dir='ltr'>que</span> <span class='ocrx_word' id='word_1_557' title='bbox 921 2645 967 2660; x_wconf 80' lang='lat' dir='ltr'>om.</span> <span class='ocrx_word' id='word_1_558' title='bbox 983 2636 1012 2660; x_wconf 88' lang='lat' dir='ltr'>P.</span> <span class='ocrx_word' id='word_1_559' title='bbox 1079 2634 1102 2663; x_wconf 68' lang='grc' dir='ltr'>ὓ)</span> <span class='ocrx_word' id='word_1_560' title='bbox 1120 2640 1178 2659; x_wconf 77' lang='lat' dir='ltr'>ante</span> <span class='ocrx_word' id='word_1_561' title='bbox 1198 2634 1227 2658; x_wconf 82' lang='lat' dir='ltr'>P.</span> <span class='ocrx_word' id='word_1_562' title='bbox 1293 2634 1309 2663; x_wconf 73' lang='lat' dir='ltr'>i)</span> <span class='ocrx_word' id='word_1_563' title='bbox 1329 2635 1521 2659; x_wconf 76' lang='lat' dir='ltr'>accuratissime</span> <span class='ocrx_word' id='word_1_564' title='bbox 1540 2634 1570 2658; x_wconf 73' lang='lat' dir='ltr'>H.</span> <span class='ocrx_word' id='word_1_565' title='bbox 1635 2632 1660 2657; x_wconf 72' lang='lat' dir='ltr'>kl</span> <span class='ocrx_word' id='word_1_566' title='bbox 1679 2638 1757 2657; x_wconf 80' lang='lat' dir='ltr'>astro-</span> 
     </span>
     <span class='ocr_line' id='line_1_57' title="bbox 107 2676 1758 2712; baseline -0.004 -6"><span class='ocrx_word' id='word_1_567' title='bbox 107 2682 208 2707; x_wconf 83' lang='lat' dir='ltr'>nomine</span> <span class='ocrx_word' id='word_1_568' title='bbox 226 2681 255 2706; x_wconf 91' lang='lat' dir='ltr'>P.</span> <span class='ocrx_word' id='word_1_569' title='bbox 327 2680 347 2711; x_wconf 82' lang='lat'>¹}</span> <span class='ocrx_word' id='word_1_570' title='bbox 366 2682 461 2705; x_wconf 81' lang='lat' dir='ltr'>circum</span> <span class='ocrx_word' id='word_1_571' title='bbox 476 2681 503 2704; x_wconf 69' lang='grc' dir='ltr'>Γ.</span> <span class='ocrx_word' id='word_1_572' title='bbox 575 2684 607 2711; x_wconf 82' lang='grc' dir='ltr'>ιῃ)</span> <span class='ocrx_word' id='word_1_573' title='bbox 626 2681 716 2712; x_wconf 77' lang='lat' dir='ltr'>diriget</span> <span class='ocrx_word' id='word_1_574' title='bbox 733 2680 762 2704; x_wconf 78' lang='lat' dir='ltr'>P.</span> <span class='ocrx_word' id='word_1_575' title='bbox 834 2684 856 2709; x_wconf 66' lang='grc' dir='ltr'>η)</span> <span class='ocrx_word' id='word_1_576' title='bbox 877 2686 886 2704; x_wconf 88' lang='lat' dir='ltr'>t</span> <span class='ocrx_word' id='word_1_577' title='bbox 899 2680 923 2704; x_wconf 75' lang='lat' dir='ltr'>iu</span> <span class='ocrx_word' id='word_1_578' title='bbox 938 2680 1024 2704; x_wconf 75' lang='lat' dir='ltr'>notab.</span> <span class='ocrx_word' id='word_1_579' title='bbox 1038 2679 1087 2703; x_wconf 65' lang='lat' dir='ltr'>del.</span> <span class='ocrx_word' id='word_1_580' title='bbox 1103 2678 1131 2702; x_wconf 88' lang='lat' dir='ltr'>P.</span> <span class='ocrx_word' id='word_1_581' title='bbox 1209 2677 1234 2708; x_wconf 77' lang='lat'>⁰)</span> <span class='ocrx_word' id='word_1_582' title='bbox 1254 2687 1301 2701; x_wconf 83' lang='lat'>0711.</span> <span class='ocrx_word' id='word_1_583' title='bbox 1316 2678 1344 2702; x_wconf 82' lang='lat' dir='ltr'>P.</span> <span class='ocrx_word' id='word_1_584' title='bbox 1417 2677 1441 2709; x_wconf 69' lang='grc' dir='ltr'>Ρ)</span> <span class='ocrx_word' id='word_1_585' title='bbox 1462 2686 1505 2710; x_wconf 83' lang='lat' dir='ltr'>per</span> <span class='ocrx_word' id='word_1_586' title='bbox 1521 2677 1549 2701; x_wconf 60' lang='lat' dir='ltr'>lz&#39;.</span> <span class='ocrx_word' id='word_1_587' title='bbox 1622 2682 1645 2698; x_wconf 51' lang='grc' dir='ltr'>ἸῚῚ</span> <span class='ocrx_word' id='word_1_588' title='bbox 1666 2685 1712 2701; x_wconf 82' lang='lat' dir='ltr'>om.</span> <span class='ocrx_word' id='word_1_589' title='bbox 1726 2676 1758 2700; x_wconf 77' lang='lat' dir='ltr'>R.</span> 
     </span>
     <span class='ocr_line' id='line_1_58' title="bbox 106 2719 1758 2759; baseline -0.005 -7"><span class='ocrx_word' id='word_1_590' title='bbox 106 2727 128 2758; x_wconf 85' lang='grc'>1”)</span> <span class='ocrx_word' id='word_1_591' title='bbox 147 2727 293 2759; x_wconf 79' lang='lat' dir='ltr'>supradicta</span> <span class='ocrx_word' id='word_1_592' title='bbox 312 2727 421 2758; x_wconf 83' lang='lat' dir='ltr'>sigacem</span> <span class='ocrx_word' id='word_1_593' title='bbox 436 2726 465 2750; x_wconf 89' lang='lat' dir='ltr'>P.</span> <span class='ocrx_word' id='word_1_594' title='bbox 526 2726 547 2749; x_wconf 47' lang='grc' dir='ltr'>Ψ)</span> <span class='ocrx_word' id='word_1_595' title='bbox 566 2726 741 2750; x_wconf 78' lang='lat' dir='ltr'>tantummodo</span> <span class='ocrx_word' id='word_1_596' title='bbox 756 2725 786 2749; x_wconf 81' lang='lat' dir='ltr'>B.</span> <span class='ocrx_word' id='word_1_597' title='bbox 841 2726 860 2755; x_wconf 52' lang='grc' dir='ltr'>ἲ)</span> <span class='ocrx_word' id='word_1_598' title='bbox 881 2734 928 2749; x_wconf 81' lang='lat' dir='ltr'>om.</span> <span class='ocrx_word' id='word_1_599' title='bbox 943 2725 973 2754; x_wconf 80' lang='grc' dir='ltr'>Ρ,</span> <span class='ocrx_word' id='word_1_600' title='bbox 994 2724 1023 2748; x_wconf 72' lang='grc' dir='ltr'>[ι’.</span> <span class='ocrx_word' id='word_1_601' title='bbox 1077 2724 1102 2754; x_wconf 82' lang='lat'>¹¹)</span> <span class='ocrx_word' id='word_1_602' title='bbox 1122 2723 1231 2747; x_wconf 80' lang='lat' dir='ltr'>reditum</span> <span class='ocrx_word' id='word_1_603' title='bbox 1246 2722 1275 2752; x_wconf 88' lang='lat' dir='ltr'>P,</span> <span class='ocrx_word' id='word_1_604' title='bbox 1296 2721 1325 2745; x_wconf 64' lang='lat' dir='ltr'>lz’.</span> <span class='ocrx_word' id='word_1_605' title='bbox 1380 2722 1403 2751; x_wconf 83' lang='lat' dir='ltr'>v)</span> <span class='ocrx_word' id='word_1_606' title='bbox 1424 2721 1502 2745; x_wconf 87' lang='lat' dir='ltr'>descr.</span> <span class='ocrx_word' id='word_1_607' title='bbox 1520 2720 1549 2744; x_wconf 69' lang='lat' dir='ltr'>Is.</span> <span class='ocrx_word' id='word_1_608' title='bbox 1602 2725 1632 2751; x_wconf 77' lang='lat' dir='ltr'>WJ</span> <span class='ocrx_word' id='word_1_609' title='bbox 1652 2726 1713 2744; x_wconf 86' lang='lat' dir='ltr'>tunc</span> <span class='ocrx_word' id='word_1_610' title='bbox 1729 2719 1758 2743; x_wconf 65' lang='lat' dir='ltr'>Iz&#39;.</span> 
     </span>
     <span class='ocr_line' id='line_1_59' title="bbox 106 2769 258 2800; baseline 0 -6"><span class='ocrx_word' id='word_1_611' title='bbox 106 2770 132 2800; x_wconf 81' lang='lat'>¹)</span> <span class='ocrx_word' id='word_1_612' title='bbox 151 2770 214 2794; x_wconf 78' lang='lat' dir='ltr'>scito</span> <span class='ocrx_word' id='word_1_613' title='bbox 228 2769 258 2794; x_wconf 80' lang='lat' dir='ltr'>R.</span> 
     </span>
    </p>
   </div>
   <div class='ocr_carea' id='block_1_13' title="bbox 213 2822 1758 2862">
    <p class='ocr_par' dir='ltr' id='par_1_17' title="bbox 213 2822 1758 2862">
     <span class='ocr_line' id='line_1_60' title="bbox 213 2822 1758 2862; baseline -0.003 -8"><span class='ocrx_word' id='word_1_614' title='bbox 213 2830 237 2860; x_wconf 92' lang='lat' dir='ltr'>l)</span> <span class='ocrx_word' id='word_1_615' title='bbox 252 2828 347 2855; x_wconf 88' lang='lat' dir='ltr'>Lunae</span> <span class='ocrx_word' id='word_1_616' title='bbox 361 2843 387 2846; x_wconf 87' lang='lat'>—</span> <span class='ocrx_word' id='word_1_617' title='bbox 401 2828 579 2862; x_wconf 86' lang='lat' dir='ltr'>cognovimus</span> <span class='ocrx_word' id='word_1_618' title='bbox 592 2835 624 2853; x_wconf 78' lang='lat' dir='ltr'>cx</span> <span class='ocrx_word' id='word_1_619' title='bbox 634 2827 720 2853; x_wconf 78' lang='lat' dir='ltr'>Plinii</span> <span class='ocrx_word' id='word_1_620' title='bbox 732 2827 796 2853; x_wconf 67' lang='lat' dir='ltr'>Nat.</span> <span class='ocrx_word' id='word_1_621' title='bbox 808 2827 868 2853; x_wconf 75' lang='lat' dir='ltr'>hist.</span> <span class='ocrx_word' id='word_1_622' title='bbox 879 2827 895 2853; x_wconf 85' lang='lat' dir='ltr'>l.</span> <span class='ocrx_word' id='word_1_623' title='bbox 906 2827 922 2853; x_wconf 87' lang='lat' dir='ltr'>l.</span> <span class='ocrx_word' id='word_1_624' title='bbox 968 2827 993 2858; x_wconf 72' lang='lat'>2)</span> <span class='ocrx_word' id='word_1_625' title='bbox 1009 2826 1127 2851; x_wconf 76' lang='lat' dir='ltr'>Macrob.</span> <span class='ocrx_word' id='word_1_626' title='bbox 1140 2825 1277 2851; x_wconf 61' lang='grc' dir='ltr'><strong>0011111101ιηί.</strong></span> <span class='ocrx_word' id='word_1_627' title='bbox 1290 2823 1323 2849; x_wconf 87' lang='grc'>11</span> <span class='ocrx_word' id='word_1_628' title='bbox 1334 2832 1353 2848; x_wconf 83' lang='lat' dir='ltr'>c.</span> <span class='ocrx_word' id='word_1_629' title='bbox 1368 2828 1432 2856; x_wconf 54' lang='lat' dir='ltr'>Iup.</span> <span class='ocrx_word' id='word_1_630' title='bbox 1446 2826 1498 2848; x_wconf 69' lang='lat'>179.</span> <span class='ocrx_word' id='word_1_631' title='bbox 1547 2825 1574 2855; x_wconf 66' lang='lat'>22)</span> <span class='ocrx_word' id='word_1_632' title='bbox 1589 2822 1758 2856; x_wconf 78' lang='lat' dir='ltr'>1bid.p.179.</span> 
     </span>
    </p>
   </div>
  </div>
 </body>
</html>
