2089 3171
123 263 318 291 e.79'2⁷«8⁴l4

178 427 229 446 Luc.
246 430 275 448 1⁴5,
291 429 319 446 18.

194 530 225 549 Γ»
242 532 273 551 54.
288 531 318 550 2⁴.

189 943 288 965 Ιί(ϊ1ι·.5,
302 945 319 962 3Δ

225 995 286 1016 11ι.5,
302 996 320 1014 4.

171 1101 232 1120 Rom.
247 1099 276 1121 13,
291 1100 320 1117 155.

190 1617 234 1636 loh.
247 1619 277 1638 13.
290 1619 321 1636 1¹5.

163 2235 230 2256 nauh
250 2238 281 2257 2¹5.
290 2237 315 2255 46

210 2285 238 2304 n..
249 2287 279 2309 13,
290 2287 315 2305 ⁴³

334 178 393 206 435
922 172 1064 198 ALCVINI
1086 172 1292 198 EPISTOLAE.
1329 173 1386 198 ⁵280.

437 262 468 290 Si
501 260 594 300 quid,
624 258 707 300 quod
737 258 838 291 absit.
870 262 978 287 contra
1009 258 1204 289 christianae
1230 259 1454 289 auctoritatem
1485 258 1649 298 roligionis
1679 258 1838 299 principes
1870 269 1967 299 agere

335 314 415 342 inter
441 322 495 341 vos
520 311 702 341 saeculares
733 310 953 343 inveniantur,
983 314 1189 340 annnoneant
1213 320 1268 339 cos
1295 309 1407 340 sedula
1441 309 1626 339 sacerdotes
1652 309 1769 340 Christi
1800 310 1967 350 praedica-

334 365 420 394 tione
446 363 545 393 malas
570 362 736 392 amitterea
761 361 1025 396 consuetudines,
1051 365 1082 391 et
1105 361 1197 391 bonis
1224 364 1417 402 potestatem
1444 370 1533 390 suam
1559 370 1672 390 ornare
1696 361 1855 397 moribus,
1880 365 1911 391 et
1935 366 1969 391 ut

332 417 441 446 vivant
466 415 495 444 in
521 415 678 447 castitate.
704 423 799 442 unam
826 412 983 443 habentes
1006 423 1140 443 uxorem
1161 412 1335 443 secundum
1355 411 1584 451 evangelicaeb
1601 416 1810 453 praeceptum
1827 413 1966 443 auctori-

332 467 440 498 tatislz
480 465 719 505 iustissimoque
751 464 868 494 iudicio
905 475 1019 494 causas
1054 463 1240 494 discernant
1273 464 1401 504 populi„
1434 467 1465 493 et
1495 463 1748 494 misericordiam
1782 464 1900 494 faciant
1937 465 1968 494 in

332 528 492 559 pauperes
517 520 548 547 et
572 517 719 547 miseros.
766 515 838 546 Non
864 516 928 545 sint
952 516 1081 545 veloces
1100 515 1138 545 ad
1158 515 1332 545 humanum
1357 514 1554 545 fundendum
1580 515 1778 555 sanguinem.
1804 516 1877 556 quia
1900 516 1969 546 ‘viri

333 568 545 610 sanguinum'.
576 568 657 598 sicut
689 578 780 597 sacer
810 567 953 608 psalmus
983 570 1105 600 cantat.
1137 574 1208 597 ‘non
1241 566 1454 597 dimidiabunt
1483 566 1550 596 dies
1581 566 1676 597 suos'.
1724 566 1757 596 Si
1782 567 1967 598 felicitatem

332 621 513 662 praesentis
539 620 668 660 cupiant
692 619 812 649 habere
836 619 924 659 regni
951 623 982 649 et
1007 619 1192 660 potestatis.
1226 619 1328 648 sciant
1352 629 1385 648 se
1411 618 1504 661 aliter
1536 618 1653 648 habere
1678 628 1738 648 non
1765 629 1878 659 posse.
1909 619 1969 649 nisi

331 672 401 703 Deo
426 676 629 713 praestante:
661 682 719 701 nec
749 670 875 701 futurae
907 670 1113 701 beatitudinis
1146 670 1279 710 gloriam
1311 669 1494 710 possidere.
1526 670 1588 700 nisi
1622 670 1739 700 domini
1770 670 1868 700 nostri
1892 669 1968 701 Iesu

332 724 452 754 Christi
470 722 690 753 misericordia
715 721 865 752 donante.
906 721 1028 752 Idcirco
1054 722 1138 751 omni
1165 721 1341 751 intentione
1367 721 1563 761 evangelicis
1590 722 1757 752 inhereant
1775 722 1966 763 praeceptis,

331 779 365 806 ut
382 774 607 805 benedictione
633 773 740 803 divina
764 774 996 803 confirmentur
1019 773 1049 803 in
1076 783 1173 813 regno
1199 773 1372 813 praesenti.
1398 778 1429 803 et
1454 778 1645 814 perpetuum
1670 784 1740 804 cum
1765 774 1885 804 sanetis
1909 773 1971 804 Dei

331 827 475 867 recipere
500 826 588 866 digni
614 825 826 856 inveniantur.

436 878 639 918 Quicumque
670 887 745 907 vero
777 877 986 907 monachicae
1019 876 1102 906 vitae
1133 876 1431 906 conversationemc
1456 875 1526 906 Deo
1551 876 1769 916 promiserint.
1801 876 1906 906 sciant
1937 888 1971 907 se

333 930 494 960 debitores
518 940 588 960 esse
613 929 745 970 implere
771 928 854 969 quod
880 929 1102 969 promiserunt.
1129 928 1256 958 dicente
1274 929 1447 968 scriptura:
1474 927 1633 958 -voveted
1652 931 1684 958 et
1701 927 1825 958 reddite
1842 928 1970 958 domino

333 982 403 1012 Deo
429 980 558 1012 vestro³.
612 981 653 1011 Et
683 981 814 1011 iterum:
846 980 972 1011 ‘Melius
1005 984 1054 1009 est
1087 990 1148 1010 non
1174 990 1306 1013 vovere.
1337 990 1431 1021 quam
1458 983 1566 1010 votum
1599 990 1662 1010 non
1691 979 1846 1021 implere'.
1897 979 1970 1010 Fiat

333 1034 457 1064 illorum
483 1033 683 1063 conversatio
702 1036 789 1062 casta
806 1035 837 1062 et
855 1031 999 1065 honesta,
1019 1031 1142 1072 absque
1160 1032 1243 1061 omni
1265 1031 1529 1072 reprehensione,
1547 1031 1617 1062 Deo
1635 1031 1813 1072 placabilis.
1836 1031 1972 1062 homini-

333 1086 456 1126 busque
488 1084 696 1120 honorabilis.
728 1094 789 1114 non
820 1084 850 1114 in
882 1083 1190 1113 0011101151111011111115ρ
1216 1087 1247 1113 et
1277 1083 1503 1119 ebrietatibus,
1536 1093 1598 1113 non
1630 1083 1661 1113 in
1696 1083 1855 1113 cubilibus
1885 1084 1971 1114 etin

333 1137 545 1178 inpudicitiis.
578 1136 633 1166 scd
660 1135 793 1166 induant
817 1146 851 1165 se
878 1136 963 1176 ipsos
989 1135 1147 1176 exemplis
1179 1135 1297 1165 domini
1330 1135 1429 1165 nostri
1456 1135 1530 1165 Iesu
1555 1134 1688 1170 Christi,
1718 1135 1864 1165 lucentes
1889 1135 1973 1165 inter

333 1189 534 1225 saeculares⁷
565 1189 646 1218 sicut
670 1187 783 1217 stellae
809 1187 839 1217 in
864 1187 954 1217 eaelo
980 1187 1157 1227 fulgentes,
1191 1190 1224 1216 ut
1249 1187 1373 1216 illorum
1408 1188 1526 1217 lumine
1552 1186 1712 1216 inlustrati
1737 1187 1828 1216 multi
1853 1186 1971 1217 exhor-

334 1244 440 1271 tentur
464 1239 572 1270 mundi
599 1240 692 1269 huius
718 1240 829 1279 fugere
854 1239 1048 1280 voluptates,
1075 1243 1106 1268 et
1130 1249 1264 1268 numero
1290 1239 1414 1268 illorum
1433 1249 1466 1268 se
1485 1239 1571 1279 ipsos
1588 1248 1787 1279 congregare
1809 1238 1969 1269 studeant.

436 1292 642 1322 Feminarum
669 1290 826 1332 siquidem
852 1291 1048 1321 monasteria
1072 1290 1135 1320 sint
1159 1291 1189 1320 in
1216 1291 1365 1320 castitate
1389 1290 1535 1331 virginali
1553 1290 1633 1325 Deo,
1659 1294 1747 1320 casto
1773 1299 1916 1331 corpore,
1940 1290 1972 1319 in

334 1344 488 1386 pudicitia
524 1348 555 1373 et
594 1343 774 1373 humilitate
816 1343 1006 1373 servientes.
1061 1342 1093 1372 Si
1131 1343 1306 1373 caelestem
1347 1353 1456 1383 regem
1498 1341 1681 1382 elegerunts
1715 1341 1774 1372 sibi
1811 1351 1974 1382 sponsum,

334 1396 466 1426 caelesti
503 1405 620 1437 sponso
656 1394 819 1424 debitamg
854 1393 1005 1423 studeant
1041 1393 1202 1423 custodire
1241 1394 1439 1425 castitatem.
1480 1397 1638 1434 quatenus
1678 1404 1748 1423 011111
1787 1392 1975 1424 beatissima

333 1448 489 1488 genitrice
516 1447 584 1478 Dei.
611 1456 804 1487 semperque
825 1446 946 1485 virgine
972 1448 1082 1475 sancta
1102 1444 1203 1475 Maria
1228 1456 1284 1487 per
1309 1456 1463 1486 supernas
1488 1445 1706 1476 habitationes
1731 1455 1850 1486 agnum
1874 1445 1973 1485 sequi,

333 1509 535 1540 quocumque
560 1498 640 1535 ierit,
668 1501 861 1528 mereantur.

437 1552 558 1581 Omnes
588 1549 745 1590 siquidem
778 1559 947 1580 commune
979 1552 1111 1579 sanetae
1144 1549 1288 1579 caritatis
1321 1552 1495 1590 praecepta
1524 1549 1650 1589 integra
1673 1548 1873 1589 perfectione
1899 1558 1974 1579 con-

334 1614 463 1634 servare
497 1606 667 1635 conentur.
698 1601 728 1631 in
754 1611 817 1642 qua
842 1601 968 1641 signum
994 1600 1206 1641 discipulatus
1231 1601 1279 1631 sui
1303 1600 1382 1631 deus
1409 1600 1554 1631 Christus
1579 1600 1744 1631 constituit
1768 1600 1894 1630 dicens:
1927 1600 1974 1630 “In

334 1655 393 1686 hoc
419 1656 615 1695 cognoscent
639 1663 765 1683 omneS.
792 1653 865 1693 quia
891 1652 953 1682 mei
978 1652 1126 1693 discipuli
1152 1653 1239 1687 estis.
1266 1653 1291 1683 si
1316 1652 1524 1682 dilectionem
1549 1652 1726 1682 habueritis
1752 1651 1790 1682 ad
1816 1650 1974 1682 invicem'.

335 1707 457 1747 Singuli
483 1705 696 1736 humilitatem
723 1704 865 1735 habeant
889 1705 919 1734 in
944 1703 1111 1739 discendo,
1137 1708 1169 1735 et
1193 1703 1397 1734 devotionem
1422 1704 1453 1734 in
1477 1703 1639 1741 docendo,
1665 1707 1697 1734 et
1721 1703 1921 1744 diligentiam
1944 1703 1975 1733 in

335 1757 572 1788 misericordiae
591 1757 741 1798 operibus
766 1755 806 1786 ad
829 1766 988 1797 pauperes
1012 1759 1043 1785 et
1069 1756 1215 1786 miseros:
1242 1755 1412 1796 nullusque
1438 1756 1545 1786 senior
1569 1755 1636 1786 sive
1661 1755 1775 1793 iunior,
1800 1754 1974 1786 saecularis

334 1810 383 1840 vel
408 1809 662 1842 monasterialis.
688 1809 734 1838 vir
758 1810 814 1838 aut
838 1807 957 1837 femina
983 1817 1041 1837 sua
1065 1807 1237 1838 erubeseat
1262 1807 1404 1838 confiteri
1430 1810 1578 1848 peecata,
1603 1810 1699 1847 atque
1726 1817 1783 1848 per
1806 1807 1974 1848 poeniten-

333 1862 409 1891 tiam
442 1860 631 1891 emendare.
668 1859 818 1901 quiequid
849 1863 959 1889 contra
984 1858 1045 1889 Dei
1078 1859 1274 1890 voluntatem
1306 1858 1469 1891 fecisset2.
1518 1858 1632 1889 Melius
1657 1863 1707 1889 est
1732 1858 1851 1889 habere
1876 1868 1973 1888 unum

333 1913 493 1943 hominem
519 1916 636 1943 testem
662 1916 869 1952 peccatorum
894 1921 1024 1940 suorum
1051 1911 1081 1940 in
1106 1911 1244 1941 salutem
1263 1912 1389 1941 animae
1415 1921 1501 1947 suae,
1527 1921 1621 1952 quam
1647 1909 1815 1951 spectare¹¹
1839 1920 1974 1940 accusa-

334 1965 452 1994 tionem
478 1964 656 1994 diabolicae
682 1962 802 1993 fraudis
828 1966 902 1993 ante
927 1962 1066 1993 iudicem
1091 1963 1231 1993 omnium
1251 1963 1464 1996 saeculorum,
1490 1966 1521 1993 et
1545 1966 1619 1993 ante
1643 1962 1831 2002 angelorum
1849 1961 1974 1998 choros,

335 2020 366 2046 et
390 2016 488 2046 totius
518 2015 649 2045 humani
679 2015 806 2053 generis
837 2013 1085 2044 multitudinem.
1132 2013 1216 2044 Dum
1243 2025 1319 2045 vero
1352 2015 1445 2045 homo
1470 2015 1549 2044 vivit
1573 2014 1604 2044 in
1628 2013 1686 2044 1100
1711 2013 1857 2052 saeculo,
1886 2007 1991 2044 frucss

334 2071 426 2097 tuosa
451 2071 500 2097 est
525 2066 685 2096 confessio
710 2069 741 2095 et
765 2066 975 2106 poenitentia:
1002 2066 1032 2095 in
1054 2066 1161 2095 futuro
1181 2066 1304 2096 scilieet
1322 2066 1437 2096 iudicio
1463 2066 1664 2107 poenitentia
1681 2066 1740 2096 erit
1757 2069 1975 2106 peccatorum,

335 2118 391 2148 sed
411 2129 471 2148 non
490 2118 662 2148 fructuosa.
688 2118 763 2158 quia
781 2117 1001 2157 unusquisque
1024 2117 1220 2147 iudicabitur
1238 2118 1414 2148 secundum
1430 2128 1528 2159 opera
1545 2128 1611 2148 sua.
1651 2116 1798 2147 Metuant
1816 2117 1978 2147 criminosi

335 2175 366 2200 et
392 2171 533 2211 peccatis
558 2169 681 2199 onerati
707 2173 911 2199 aeternorum
937 2168 1082 2198 flammas
1100 2173 1341 2200 tormentorum.
1384 2169 1556 2200 Gaudeant
1574 2169 1659 2205 iusti,
1684 2169 1781 2199 etiam
1807 2172 1840 2198 et
1864 2168 1975 2210 poeni-

335 2227 439 2252 tentes
469 2221 507 2252 de
539 2226 714 2263 perpetuae
744 2220 951 2251 beatitudinis
981 2220 1082 2260 gloria
1112 2232 1183 2251 cum
1209 2221 1351 2256 Christo.
1383 2222 1435 2263 qui
1464 2222 1523 2252 ait:
1549 2221 1657 2252 'Ibunt
1687 2221 1776 2262 impii
1807 2221 1838 2250 in
1867 2221 1974 2261 ignem

335 2278 513 2307 aeternum,
538 2274 612 2303 iusti
637 2277 746 2303 autem
771 2273 801 2302 in
820 2273 916 2302 vitam
941 2270 1125 2302 aeternam'.
1167 2272 1208 2303 Et
1233 2273 1322 2303 alibi:
1350 2273 1440 2304 *Iusti
1458 2274 1628 2314 fulgebunt
1653 2273 1736 2303 sieut
1760 2272 1856 2303 solia
1873 2282 1973 2313 regno

337 2326 432 2366 patris
458 2323 591 2355 eorum'.

438 2376 592 2406 Orantem
624 2387 680 2417 pro
710 2376 803 2406 nobis
834 2374 1067 2405 beatitudinem
1102 2379 1241 2405 vestram
1278 2376 1355 2406 (leus
1386 2376 1534 2407 Christus
1566 2380 1724 2418 perpetua
1756 2376 1974 2417 prosperitate

335 2428 494 2458 custodire
519 2427 679 2467 dignetur,
704 2427 823 2458 domini
849 2426 1140 2457 desiderantissimi
1167 2432 1286 2468 patres.
1313 2429 1437 2462 fratres.
1463 2429 1519 2459 filii
1544 2434 1574 2458 et
1598 2428 1705 2459 amici.

438 2700 459 2721 ³²>
478 2696 619 2719 ammittere
635 2695 667 2719 II.
740 2694 762 2719 hl
783 2695 925 2726 euangelici
947 2695 979 2718 H.
1053 2698 1075 2726 Ρ)
1095 2697 1286 2719 conversatione
1309 2696 1338 2719 ΙΙ.
1411 2695 1435 2721 ¹¹)
1456 2697 1545 2720 vovite
1559 2696 1592 2719 H.
1664 2695 1686 2727 e)
1706 2696 1920 2721 comssationibus
1934 2694 1969 2720 .H.

336 2738 353 2767 ἰι
375 2739 494 2769 eligerent
516 2739 548 2763 H.
622 2744 644 2762 H»
664 2739 746 2762 debita
769 2738 800 2762 H.
875 2737 898 2769 ¹¹)
918 2739 1025 2770 spectari
1046 2738 1079 2761 H.

442 2808 463 2833 11
485 2808 522 2837 ιγ,
539 2815 621 2839 supra
641 2816 666 2838 μ.
683 2811 730 2832 1711,
803 2808 828 2831 ’dl
850 2806 888 2837 (y.
910 2814 994 2838 snpra
1013 2815 1037 2838 μ,
1052 2810 1108 2831 217ῑ
1131 2807 1181 2831 Alc.
1202 2806 1233 2830 dr
1253 2807 1339 2832 rirtut.
1360 2810 1382 2831 et
1405 2808 1446 2832 vit.
1465 2817 1485 2832 1.
1504 2812 1529 2832 12
1547 2806 1599 2838 (ed.
1621 2808 1731 2834 Froben.
1753 2808 1794 2840 II,
1810 2810 1873 2838 134).

1999 735 2021 753 10

2001 993 2022 1010 15

1999 1249 2024 1268 20

2002 1506 2025 1525 25

2003 1765 2028 1784 30

2002 2027 2026 2046 ³5

2002 2285 2027 2304 40

2004 2752 2029 2770 45
