2089 3171
584 178 765 203 APPENDIX
788 178 834 203 AD
860 177 1009 203 ALCVINI
1036 177 1239 204 EPISTOLAS.
1276 179 1300 203 ⁴2.
1701 178 1761 208 489

113 267 189 298 licet
212 267 283 297 aliis
309 266 432 296 verbis.
465 266 495 296 in
525 266 693 306 evangelio
720 265 907 305 designatur
931 264 1083 294 dicendo:
1119 264 1246 305 *Diligis
1280 264 1442 294 (lominum
1478 264 1580 294 Deum
1607 268 1694 293 tuum
1722 274 1761 292 cx

114 323 180 349 toto
206 317 301 348 corde
326 322 380 348 tuo
406 325 437 348 et
462 328 503 348 ex
528 322 592 348 tota
618 317 726 348 anima
749 321 805 347 tua
830 320 861 347 et
886 327 927 347 ex
952 320 1018 346 tota
1042 321 1171 346 1110111οἃ
1194 315 1271 348 tua⁴.
1298 316 1327 346 id
1354 322 1404 347 est
1429 328 1469 347 ex
1499 322 1565 347 toto
1593 316 1763 346 intellectu

115 374 147 401 et
177 381 218 401 ex
249 374 316 400 tota
350 369 515 400 voluntate
548 374 580 400 et
610 380 651 400 ex
682 374 749 399 tota
781 368 946 399 memoria.
1000 367 1069 398 lam
1095 368 1177 398 sicut
1202 378 1242 398 ex
1268 373 1358 409 patre
1383 375 1559 409 generatur
1594 368 1694 401 filius.
1722 378 1763 398 ex

115 426 206 464 patre
231 422 360 463 filioque
386 421 531 463 procedit
550 421 690 463 Spiritus
715 425 857 453 sanctus.
881 421 925 450 ita
950 430 990 450 ex
1020 420 1188 450 intellectu
1213 424 1389 460 generatur
1405 421 1566 451 voluntas.
1592 425 1624 450 et
1648 430 1689 450 ex
1714 419 1762 449 his

76 488 86 505 ε.
115 475 192 505 item
216 473 392 504 ambobus-¹³
419 473 564 514 procedit
589 473 751 504 memoria.
777 473 859 503 sicut
884 472 980 502 facile
998 482 1016 502 a
1034 472 1182 512 sapiente
1202 471 1335 502 cuilibet
1362 472 1507 513 intellegi
1533 475 1651 513 potest.
1693 471 1762 502 Nec

63 747 86 764 lo

62 1004 84 1022 15

60 1264 85 1282 20

60 1782 85 1801 ³0

60 2043 84 2062 ³5

59 2302 84 2321 ⁴0

58 2562 82 2580 45

115 527 200 557 enim
230 526 356 556 animac
386 526 531 566 perfecta
561 530 669 566 potest
699 536 771 555 esse
806 525 874 554 51110
909 523 957 553 1115
982 523 1098 555 tribus.
1130 533 1189 554 nec
1219 523 1333 554 horum
1366 524 1460 554 trium
1493 534 1590 554 unum
1623 522 1762 564 aliquod,

113 581 268 619 quantum
292 576 332 607 ad
358 587 449 607 suam
474 576 615 618 pertinet
640 575 888 611 beatitudinem,
918 576 987 606 sine
1020 576 1091 606 aliis
1122 575 1171 605 1115
1204 575 1329 606 (luobus
1355 577 1514 616 integrum
1541 580 1676 606 constat.
1723 575 1764 605 Et

113 630 195 660 sicut
220 629 309 660 Deus
334 632 436 670 pater.
462 629 550 659 Deus
574 629 658 659 filius
685 637 750 665 cst,
776 628 866 659 Deus
887 628 1027 669 Spiritus
1054 632 1185 658 sanctus
1211 631 1276 658 est.
1302 638 1364 658 non
1392 634 1501 658 tamen
1531 632 1595 658 tres
1621 627 1679 658 dii.
1707 627 1762 657 sed

113 691 196 711 unus
222 680 310 711 Deus
342 686 407 711 tres
438 680 560 711 habens
591 691 761 722 personas.
799 681 843 710 ita
882 684 913 711 ct
946 681 1051 710 anima
1088 680 1285 710 intellectus.
1321 680 1427 709 anima
1458 680 1624 710 voluntas.
1657 680 1764 710 anima

115 733 277 771 memoria,
302 743 365 763 non
389 736 496 763 tamen
521 737 587 763 tres
612 733 739 763 animae
757 733 787 762 in
806 743 868 762 0110
888 742 1032 772 corpore,
1059 731 1116 762 sed
1134 741 1197 762 una
1215 731 1324 762 anima
1347 736 1412 762 tres
1431 731 1555 762 liabens
1573 731 1761 772 dignitates,

112 789 209 826 atque
234 785 264 815 111
290 784 338 815 1115
364 785 466 815 tribus
492 784 553 815 Dei
579 784 752 825 imaginem
778 784 862 824 gerit
892 784 924 814 in
956 794 1015 814 sua
1046 788 1161 813 natura
1185 783 1377 813 naturaliter
1402 784 1536 813 interior
1561 783 1665 814 homo.
1714 783 1763 813 Ex

112 837 229 878 quibus
253 847 312 867 ceu
337 836 623 867 excellentioribus
648 836 861 877 dignitatibus
888 836 1034 866 iubemur
1059 835 1194 876 diligere
1221 834 1436 866 conditorem.
1463 840 1507 865 ut.
1533 840 1688 876 quantum
1715 836 1761 866 in-

113 889 296 929 tellegatur.
326 888 489 929 diligatur.
522 894 553 919 et
585 894 739 929 quantum
772 888 934 929 diligatur.
961 899 999 918 eo
1024 888 1162 929 amplior
1195 888 1235 917 sit
1260 888 1410 917 voluntas
1434 898 1507 917 eum
1533 887 1703 928 diligendi.
1731 893 1763 917 ct

112 944 231 982 quanto
256 941 369 971 maiori
395 941 562 972 voluntate
589 940 752 981 diligatur,
784 951 821 971 eo
853 940 955 981 magis
985 950 1115 982 semper
1146 940 1177 969 in
1209 940 1366 970 memoria
1398 939 1565 970 habeatur.
1593 940 1637 970 ita
1671 939 1761 970 dum-

114 997 220 1031 taxat,
245 997 294 1027 01,
320 993 403 1023 sicut
432 993 554 1023 nullum
588 998 695 1034 potest
727 993 794 1023 fore
825 996 1040 1023 momentum.
1073 1002 1135 1033 quo
1169 991 1264 1021 1101110
1297 1002 1358 1022 11011
1389 996 1498 1022 utatur
1523 996 1554 1022 et
1579 992 1764 1032 perfruatur

112 1044 175 1076 Dei
199 1044 346 1075 bonitate
371 1049 404 1075 et
428 1043 658 1079 misericordia,
682 1044 727 1074 ita
752 1043 874 1074 nullum
901 1054 974 1074 esse
999 1043 1099 1074 debet
1122 1045 1331 1075 momentum.
1353 1054 1416 1084 quo
1442 1047 1627 1084 presentem
1654 1043 1763 1074 Deum

112 1107 175 1127 non
200 1090 318 1127 habeat
342 1097 374 1126 in
398 1097 561 1127 memori-a.
609 1096 794 1127 Similitudo
820 1096 851 1126 in
878 1095 1020 1126 moribus
1046 1094 1210 1126 cernenda
1234 1100 1300 1126 est.
1327 1099 1375 1131 ut,
1401 1096 1484 1126 sicut
1509 1095 1600 1126 Deus
1626 1099 1763 1130 creator,

112 1149 166 1190 qui
190 1148 352 1180 hominem
377 1148 417 1179 ad
443 1148 689 1179 similitudinem
714 1159 805 1178 suam
831 1148 967 1185 creavit,
993 1152 1042 1179 est
1067 1148 1201 1179 caritas.
1228 1152 1278 1178 est
1301 1147 1406 1178 bonus
1432 1152 1464 1178 ct
1489 1148 1609 1178 iustus.
1635 1148 1764 1189 patiens

112 1204 208 1242 atque
234 1201 334 1236 mitis,
365 1200 500 1231 mundus
526 1205 557 1231 et
582 1201 766 1231 misericors
791 1204 823 1231 et
848 1207 957 1231 cetera
981 1201 1135 1231 virtutum
1159 1204 1342 1230 sanctarum
1369 1200 1524 1240 insignia.
1550 1211 1632 1240 quae
1658 1200 1698 1230 de
1725 1212 1763 1230 eo

113 1253 274 1294 leguntur.
301 1253 344 1283 ita
369 1253 464 1283 1101110
490 1258 619 1283 creatus
645 1256 703 1289 est,
731 1256 766 1282 ut
791 1252 924 1283 liaberet
949 1253 1127 1289 caritatem,
1153 1258 1188 1283 ut
1206 1259 1295 1283 esset
1313 1252 1416 1282 bonus
1438 1259 1470 1282 et
1496 1252 1609 1289 iustus,
1635 1253 1763 1293 patiens

112 1308 209 1346 atque
241 1305 342 1342 mitis,
374 1304 511 1335 mundus
544 1310 576 1336 et
606 1305 801 1336 misericors.
852 1305 1023 1336 Addantur
1054 1305 1152 1336 etiam
1183 1316 1390 1347 summopere
1421 1315 1557 1336 necesse
1582 1308 1632 1336 est
1657 1305 1706 1336 his
1733 1311 1765 1336 et

110 1360 262 1398 quattuor
286 1357 439 1395 virtutes,
466 1357 533 1387 sine
559 1357 673 1398 quibus
698 1357 806 1388 anima
830 1367 893 1387 non
919 1357 1101 1395 decoratur,
1132 1357 1189 1388 sed
1227 1357 1324 1388 immo
1350 1356 1512 1387 addicitur
1535 1368 1572 1387 ac
1597 1360 1762 1398 opacatur.

112 1408 286 1440 ‘Proindel
311 1409 418 1450 igitur.
451 1409 526 1450 quia
558 1409 672 1440 melior
701 1420 775 1451 pars
807 1414 855 1440 est
887 1410 1024 1440 hominis
1057 1410 1179 1442 anima.
1211 1409 1305 1440 decet
1340 1420 1412 1440 eam
1444 1408 1605 1440 dominam
1637 1410 1705 1440 fore
1732 1413 1763 1440 et

113 1461 204 1502 quasi
236 1460 276 1492 de
301 1461 379 1492 sede
405 1462 524 1502 regalis
550 1461 699 1492 culminis
724 1462 900 1503 imperare.
932 1462 1029 1503 quid?
1060 1472 1118 1503 per
1143 1472 1224 1503 quae
1236 1466 1248 1491 ’ἰ
1280 1461 1329 1492 vel
1355 1461 1503 1502 quando?
1530 1462 1580 1492 vel
1605 1461 1685 1492 ubi?
1712 1462 1763 1492 vel

61 1523 72 1532 ‘¹
114 1513 275 1554 quomodo
301 1513 411 1546 faciat.
437 1513 582 1544 membra
615 1517 647 1544 et
680 1513 884 1544 considerare
909 1513 1092 1554 diligenter.
1123 1513 1199 1554 quid
1229 1513 1279 1543 cui
1309 1513 1453 1544 membro
1478 1514 1615 1554 imperet
1640 1514 1760 1544 facien-

111 1564 197 1596 dum.
250 1565 357 1596 Homo
387 1565 483 1606 plane
515 1566 602 1596 solus
636 1566 720 1596 inter
749 1565 904 1596 mortales
942 1566 1065 1596 ratione
1097 1565 1198 1606 viget.
1235 1565 1368 1595 consilio
1400 1566 1500 1601 valet,
1537 1566 1763 1607 intellegentia

111 1617 287 1655 antecellit,
314 1617 371 1648 sed
389 1618 670 1659 concupiscentiae
695 1622 726 1647 ct
745 1617 842 1654 iraed,
869 1629 950 1659 quae
970 1618 1086 1648 obesse
1104 1617 1276 1658 plurimum
1296 1618 1410 1651 solent.
1436 1618 1525 1651 ratio.
1544 1629 1626 1659 quae
1645 1619 1762 1649 mentis

111 1669 241 1711 propria
265 1672 324 1705 est,
350 1669 508 1710 imperare
533 1668 651 1700 debet'.

215 1719 348 1752 ‘Cuius2
381 1721 631 1752 excellentiores
657 1723 793 1753 virtutes
818 1726 970 1763 quattuor
999 1733 1072 1753 esse
1105 1722 1313 1752 manifestum
1345 1726 1408 1759 est,
1444 1722 1474 1752 id
1506 1730 1555 1753 051
1581 1723 1763 1764 prudentia,

113 1783 177 1814 qua
199 1773 327 1814 agenda
353 1774 402 1804 vel
428 1785 490 1804 nou
515 1774 641 1815 agenda
665 1774 829 1810 discernit,
856 1778 888 1805 et
913 1774 1047 1804 iustitia.
1073 1785 1136 1815 qua
1154 1774 1244 1805 Deus
1270 1774 1386 1805 colitur
1410 1778 1442 1804 et
1466 1778 1592 1805 amatur
1617 1780 1647 1805 et
1675 1780 1763 1806 recte

112 1825 230 1855 vivitur
253 1825 336 1856 inter
360 1827 526 1856 consocias
551 1827 691 1858 animas.
719 1827 944 1868 temperantia,
971 1837 1053 1868 quae
1074 1826 1377 1868 ,concupiscentiam
1404 1827 1454 1857 vel
1486 1827 1565 1858 iram
1591 1827 1763 1868 gubernat.

113 1888 152 1908 ne
181 1877 323 1908 difinitos
359 1878 538 1910 honestatis
573 1879 729 1909 terminos
760 1879 1056 1920 transgrediantur.
1094 1879 1264 1914 fortitudo,
1295 1890 1359 1920 qua
1385 1878 1524 1910 adversa
1549 1879 1642 1910 huius
1669 1881 1761 1911 vitae.

113 1940 337 1970 quaecumque
363 1931 562 1971 contingant,
589 1932 749 1962 constanti
764 1932 880 1963 ‚animo
906 1932 1034 1962 tolerat.
1081 1931 1123 1962 Et
1149 1931 1227 1962 haec
1253 1936 1405 1972 quattuor
1423 1932 1447 1962 si
1466 1932 1600 1962 caritate
1618 1932 1761 1973 perfecta

112 1981 191 2012 fiunt
219 1981 250 2012 in
278 1982 400 2016 anima.
432 1983 577 2014 efficiunt-
609 1994 681 2014 eam
705 1984 776 2014 Deo
803 1984 997 2025 proximam,
1025 1984 1101 2025 quia
1130 1983 1209 2014 nihil
1241 1983 1327 2014 aliud
1359 1987 1408 2014 est
1432 1984 1588 2024 optimum
1614 1984 1761 2020 hominis,

113 2033 164 2063 cui
190 2033 305 2064 herere
330 2033 554 2065 beatissimum
581 2035 635 2065 sit.
662 2035 722 2066 nisi
748 2035 853 2066 Deus.
887 2036 937 2066 cui
968 2035 1083 2066 herere
1110 2039 1198 2066 certe
1230 2046 1293 2066 non
1318 2036 1463 2066 valemus
1488 2036 1549 2066 nisi
1576 2036 1761 2068 dilectione.

109 2085 250 2116 Proinde
268 2085 328 2116 hae
346 2090 498 2128 quattuor
515 2088 650 2119 virtutes
668 2098 731 2119 uno
751 2089 893 2118 caritatis
912 2088 1095 2119 diademate
1115 2091 1277 2119 ornantur.
1318 2086 1409 2122 Quae
1429 2092 1478 2118 est
1498 2098 1573 2118 vera
1591 2088 1761 2129 sapientia.

110 2137 171 2168 nisi
200 2137 306 2168 Deum
336 2139 528 2180 intellegere
559 2139 755 2170 amandum?
802 2140 872 2175 Que
898 2141 1035 2177 iustitia,
1063 2140 1121 2170 nisi
1147 2151 1221 2171 eum
1247 2140 1370 2172 colere.
1398 2152 1415 2170 a
1440 2150 1502 2181 quo
1529 2144 1588 2171 cst.
1615 2145 1647 2171 ct
1672 2141 1759 2182 quie-

109 2189 184 2231 quid
209 2190 308 2221 habet
333 2190 418 2229 boni,
443 2191 483 2221 ab
509 2202 546 2222 eo
572 2191 691 2222 habet?
738 2192 823 2227 Quid
850 2193 1078 2233 temperantia,
1112 2193 1173 2223 nisi
1206 2193 1368 2233 integrum
1399 2203 1432 2222 50
1464 2192 1600 2233 prebeat
1632 2192 1661 2222 in
1688 2203 1761 2234 per-

109 2241 248 2273 fectione
282 2242 366 2273 vitae
404 2243 448 2277 ei,
477 2254 571 2284 quem
602 2248 710 2274 amat?
758 2244 842 2279 Quid
868 2244 1036 2279 fortitudo,
1074 2245 1135 2275 nisi
1171 2255 1227 2286 pro
1265 2255 1374 2275 amore
1412 2244 1474 2274 Dei
1504 2244 1630 2275 fortiter
1655 2246 1762 2276 onmia

112 2293 251 2325 tolerare
276 2294 433 2325 adversa?
481 2296 515 2326 Si
539 2296 624 2326 enim
648 2296 738 2327 Deus
764 2300 813 2327 est
838 2307 998 2327 summum
1016 2297 1156 2327 hominis
1174 2297 1305 2333 bonum,
1324 2296 1407 2337 quod
1432 2297 1543 2337 negari
1563 2307 1624 2326 non
1642 2301 1760 2338 potest.

111 2345 266 2386 sequitur,
301 2347 449 2388 quoniam
481 2358 641 2378 summum
672 2348 792 2378 bonum
818 2352 973 2390 appetere
999 2353 1048 2379 est
1072 2349 1155 2380 bene
1183 2349 1308 2387 vivere,
1334 2354 1368 2378 ut
1394 2349 1471 2379 nihil
1501 2348 1541 2378 sit
1566 2348 1651 2379 aliud
1678 2349 1760 2380 bene

111 2397 219 2428 vivere
252 2408 348 2439 quam
380 2402 449 2429 'toto
480 2400 593 2434 corde.
625 2403 691 2430 tota
722 2401 843 2435 anima,
879 2405 946 2431 tota
973 2406 1077 2431 mente
1103 2401 1237 2442 diligere
1262 2400 1387 2433 Deum.
1412 2411 1429 2430 a
1455 2411 1516 2441 quo
1545 2401 1665 2431 existit.
1714 2401 1761 2432 lta

111 2448 242 2480 tandem
273 2450 418 2482 ordinate
444 2451 537 2483 vivit.
570 2452 622 2492 qui
658 2452 801 2493 seipsum
836 2453 1034 2483 considerat.
1066 2453 1142 2494 quid
1174 2454 1214 2483 sit
1246 2459 1276 2483 et
1308 2463 1369 2494 quo
1396 2454 1541 2483 festinet.
1573 2453 1598 2482 51
1624 2454 1760 2484 affectus

110 2501 208 2532 animi
232 2501 283 2532 vel
307 2503 454 2534 carnales
480 2508 584 2534 motus
609 2504 742 2545 provida
767 2505 928 2545 gubernat
952 2504 1096 2536 rationc'.

214 2553 337 2585 ‘Imm-³
362 2554 508 2595 spiritum
539 2561 647 2585 tamen
672 2560 703 2586 et
733 2557 871 2587 animam
898 2557 1056 2588 eiusmodi
1089 2553 1196 2598 potest
1222 2557 1404 2587 differentia
1429 2569 1516 2588 esse.
1548 2558 1633 2598 quod
1658 2559 1760 2588 omnis

111 2605 218 2636 anima
241 2606 371 2647 spiritus
397 2611 460 2644 est,
493 2618 556 2638 non
588 2612 696 2638 tamen
723 2609 825 2639 omnis
851 2609 980 2650 spiritus
1004 2610 1120 2640 anima.
1168 2608 1231 2640 Sed
1257 2614 1289 2639 et
1312 2609 1477 2650 apostolus
1503 2609 1656 2640 discernit
1680 2611 1763 2641 inter

216 2703 238 2733 ²¹)
259 2707 343 2727 menta
359 2705 386 2727 Γ.
458 2702 479 2729 b,
501 2705 616 2727 ambobis
631 2705 657 2728 Γ.
729 2706 752 2724 01
772 2706 883 2730 animam
905 2707 931 2729 Γ.
1004 2704 1027 2731 ²¹)
1049 2706 1083 2729 ira
1105 2706 1131 2729 ι’,

215 2771 240 2801 1)
263 2771 379 2796 Proinde
411 2788 421 2789 ff
435 2772 570 2804 inqu-rare
590 2772 671 2797 «lebet
693 2781 724 2797 m)
744 2773 850 2798 Ala-im
870 2774 940 2805 epist.
961 2783 981 2799 ς.
996 2779 1017 2799 2,
1032 2778 1048 2799 3
1066 2774 1082 2798 Ι,
1097 2774 1111 2798 l.
1131 2773 1223 2805 lanu-is
1236 2772 1347 2797 omissis.
1419 2774 1445 2799 ’.ΙΙ
1466 2773 1548 2797 ouius
1587 2789 1590 2791 -
1607 2773 1712 2799 ration·—
1731 2782 1762 2799 (217

110 2812 196 2838 eudem
215 2822 236 2839 e.
250 2817 272 2839 3.
288 2819 303 2839 4
321 2824 346 2846 μ
365 2819 499 2840 ΗΐὶῐΗΐ.
607 2818 633 2849 It)
656 2817 730 2841 [nter
743 2832 768 2835 —
786 2817 884 2843 vitium
905 2825 936 2843 er
954 2817 1041 2842 malent
1061 2827 1080 2842 r.
1101 2822 1131 2842 ΙΙ.
1151 2820 1179 2840 12
1196 2815 1291 2847 Jmura's
1310 2815 1410 2840 mnis-sis
1429 2824 1452 2847 μ
1471 2820 1520 2840 Ην.

214 2865 358 2891 ΕΡιετοιΑε
378 2866 423 2891 IV.
1402 2862 1406 2866 ¹
1526 2868 1559 2892 ‹52›

1785 265 2018 294 nemmem?

1774 305 1850 324 nauh.
1859 308 1929 326 mm.
