2089 3171
231 219 290 249 786

187 381 221 400 Er.
240 384 268 401 122,
281 384 298 400 ἴι.

208 536 297 557 “Γ.11’1”.

147 588 181 607 liz.
194 590 212 608 si,
226 591 255 607 15.
269 590 290 608 15¹

165 691 208 710 loli.
227 694 256 713 lo,
268 694 297 711 11.

185 785 249 804 Iudae
268 789 296 805 12Δ

145 811 258 835 λ1111ῑ11.25,
266 815 296 832 ’.Ἰ-

146 1166 162 1182 1.
175 1163 232 1182 Pon:
249 1167 268 1187 5,
277 1165 296 1183 κ,

198 1266 204 1271 ”
214 1265 228 1284 l'.
245 1266 296 1285 117'.

143 1716 169 1736 vs.
195 1716 247 1737 1100.
265 1719 296 1739 12,

203 1746 234 1763 35.

313 135 352 164 22
927 132 1075 158 ALevlm
1096 132 1302 159 nrisromn.
1332 133 1355 159 3

311 220 485 250 amicitiam
511 219 706 253 secularem,
740 222 914 259 peccantes
945 229 1007 248 non
1039 223 1195 259 arguunt.
1225 223 1260 250 ut
1289 220 1377 261 pravi
1408 224 1554 261 pastores
1579 230 1642 249 non
1667 219 1827 250 habentes
1853 230 1963 250 curam

311 273 350 303 de
376 273 488 302 ovibus
514 276 545 301 et
570 271 717 300 videntes
742 270 850 311 lupum
875 270 1016 311 fugiunt:
1043 281 1098 301 cur
1122 272 1225 311 magis
1243 282 1304 302 non
1324 273 1559 313 pertimescunt
1575 272 1753 312 principem
1773 271 1963 313 principum,

311 334 420 363 regem
454 333 580 363 regum,
611 321 774 352 dominum
805 321 1060 352 dominantium?
1092 323 1144 363 qui
1177 334 1235 364 per
1264 323 1456 364 prophetam
1483 326 1630 364 pastores
1664 323 1808 364 increpat
1832 322 1961 353 dicens:

312 375 392 406 'Non
426 374 616 404 ascendistis
653 384 693 403 ex
719 373 855 404 adverso
890 385 994 415 neque
1029 375 1229 416 opposuistis
1260 386 1402 407 murum,
1434 379 1468 404 ut
1493 375 1623 404 staretis
1648 374 1679 404 in
1705 375 1829 415 proelio
1856 375 1886 404 in
1912 374 1962 405 die

312 425 462 457 Dmnini'.
510 426 660 467 Denique
686 426 768 455 51001
803 425 939 466 pervigil
964 431 1074 466 pastor
1108 430 1219 456 eontra
1252 427 1372 456 bestias
1401 437 1479 456 oves
1509 426 1670 456 custodire
1702 427 1798 461 solet,
1833 426 1877 456 ita
1900 426 1963 456 Dei

311 478 461 509 sacerdos
485 488 581 519 super
605 488 738 518 gregem
764 476 885 507 Christi
912 477 1069 507 sollicitus
1096 489 1168 508 esse
1198 477 1305 508 debet.
1331 489 1369 508 nc
1397 478 1547 508 inimicus
1573 481 1689 508 vastet.
1716 489 1754 508 ne
1773 482 1964 519 persecutor

310 530 477 560 ‘'³²infestet.
504 540 542 559 110
568 529 757 570 potentioris
775 529 931 570 cuiusque
958 529 1117 570 cupiditas
1137 531 1234 560 vitam
1257 540 1434 571 pauperum
1453 530 1620 570 inquietet,
1639 529 1766 559 dicente
1789 529 1962 571 propheta:

310 582 354 611 ‘Si
380 592 442 611 non
468 580 712 611 adnuntiaveris
738 580 847 620 iniquo
874 581 1077 621 iniquitatem
1104 591 1204 612 suam.
1224 582 1414 622 sanguinem
1434 582 1504 611 eius
1529 581 1568 611 (10
1594 592 1691 611 manu
1714 585 1768 611 tua
1787 583 1963 622 requiram:

310 634 335 663 si
361 638 468 663 autem
495 632 737 663 adnuntiaveris
763 635 794 662 et
820 643 880 662 1100
907 633 1011 671 egerit
1035 633 1280 673 poenitentiam.
1308 638 1340 663 tu
1366 634 1507 663 animam
1533 637 1620 663 tuam
1647 633 1808 668 liberasti,
1835 633 1904 674 ipse
1930 633 1962 663 in

309 688 443 726 peceato
469 695 525 714 suo
562 682 738 714 morietur'.
793 683 917 714 ‘Pastor
949 694 1086 725 namque
1116 684 1219 715 bonus
1256 685 1397 715 animam
1434 695 1524 715 suam
1558 685 1613 714 (lat
1644 695 1700 726 pro
1731 685 1845 715 ovibus
1871 683 1960 714 suis.'

310 736 401 767 Haec
426 747 564 777 namque
589 736 783 772 recolentes,
808 738 918 776 patres
944 736 1006 765 mei
1033 740 1065 766 et
1089 735 1214 769 fratres,
1240 746 1372 777 operam
1397 736 1490 772 date,
1521 747 1561 767 ne
1590 736 1630 766 de
1657 736 1748 767 vobis
1779 736 1906 766 dicatur
1928 739 1965 766 ut

309 788 492 830 pastoribus
524 788 642 825 lsrael,
676 788 728 828 qui
764 791 902 829 pascunt
934 788 1127 828 semetipsos
1159 792 1190 818 et
1222 789 1360 830 reliqua,
1394 788 1450 819 sed
1481 787 1593 818 audire
1625 787 1833 818 mereamini:
1860 787 1963 829 ‘Euge

309 851 402 871 serve
427 840 510 870 bone
536 844 568 870 et
592 839 706 875 tidelis,
732 839 818 869 intra
842 839 873 869 in
898 839 1053 879 gaudium
1078 840 1209 870 Domini
1234 839 1304 870 tui’.

412 892 489 923 IIII.
517 892 659 927 Quartus
685 902 807 928 sermo,
837 895 871 921 ut
895 892 1044 933 episcopi
1075 891 1225 933 diligenti
1256 902 1332 922 cura.
1358 891 1562 933 prevideant,
1588 902 1650 932 quo
1676 902 1789 922 omnes
1814 891 1963 922 canonici

307 944 356 974 sui
381 945 536 975 canonice
562 945 671 974 vivant
701 947 732 973 et
765 943 911 973 monachi
941 953 999 973 5011
1024 944 1203 974 monachae
1228 944 1423 984 regulariter
1448 947 1702 974 conversentur.
1728 948 1793 973 tam
1823 944 1853 973 in
1880 943 1960 973 cibis

307 1008 402 1038 quam
433 997 463 1027 in
495 996 640 1027 vestibus
671 1006 727 1025 seu
758 996 941 1037 peculiare,
974 998 1008 1025 ut
1037 995 1191 1025 diseretio
1221 996 1261 1025 sit
1291 996 1374 1025 inter
1404 995 1596 1025 canonicum
1628 999 1660 1025 et
1691 995 1885 1026 monachum
1911 995 1963 1026 vel

307 1048 484 1078 secularem
515 1052 546 1079 et
576 1048 630 1078 illo
662 1047 775 1078 habitu
805 1047 929 1085 vivant,
959 1058 1021 1088 quo
1055 1048 1228 1078 orientales
1254 1047 1403 1077 monachi
1429 1047 1551 1088 degunt
1581 1051 1611 1077 et
1636 1047 1782 1078 canonici
1808 1047 1960 1088 exemplo

307 1100 513 1131 orientalium
538 1104 570 1130 et
594 1110 656 1130 000
681 1099 789 1129 tinctis
812 1099 905 1129 Indie
931 1099 1094 1130 coloribus
1120 1104 1176 1130 aut
1204 1104 1295 1130 veste
1321 1099 1483 1141 preciosa,
1509 1098 1565 1130 sed
1591 1099 1744 1140 episcopi,
1769 1099 1906 1130 abbates
1932 1102 1964 1130 et

308 1152 494 1183 abbatissae
519 1151 675 1182 subiectis
701 1151 761 1181 sibi
787 1151 817 1181 in
843 1151 991 1181 omnibus
1017 1152 1203 1193 exemplum
1230 1152 1349 1182 bonum
1367 1152 1535 1193 prebeant,
1555 1157 1588 1182 01
1607 1151 1725 1182 Petrus
1751 1152 1807 1182 ait:
1837 1151 1961 1183 *Estote

309 1205 411 1235 forma
435 1204 511 1234 facti
536 1204 645 1244 gregis
671 1203 847 1234 secundum
866 1202 983 1234 Deum'
1009 1206 1041 1233 et
1066 1207 1126 1235 cet.
1173 1204 1244 1238 Qua
1268 1204 1308 1235 de
1334 1215 1367 1234 re
1392 1203 1574 1237 suademus,
1600 1207 1634 1234 ut
1659 1203 1830 1245 synodalia
1854 1202 1962 1233 edicta

308 1255 539 1286 universalium
565 1266 624 1286 sex
642 1254 875 1286 conciliorum*
901 1266 972 1286 cum
991 1255 1133 1286 decretis
1160 1256 1350 1297 pontificum
1376 1255 1597 1286 Romanorum
1629 1256 1738 1297 sepius
1764 1255 1962 1294 lectitentur,

309 1308 522 1338 observentur
546 1311 578 1338 et
602 1308 695 1338 iuxta
719 1318 829 1338 eorum
853 1307 1021 1348 exemplar
1045 1307 1205 1338 ecclesiae
1231 1311 1333 1338 status
1358 1308 1551 1348 corrigatur,
1577 1311 1612 1337 111
1637 1318 1696 1338 000
1721 1306 1797 1348 quid
1822 1307 1898 1338 novi
1923 1306 1963 1338 ab

309 1360 469 1401 aliquibus
495 1359 655 1390 introduci
682 1359 896 1401 permittatur,
922 1369 962 1390 ne
988 1359 1029 1389 sit
1055 1359 1172 1389 scisma
1196 1359 1228 1390 in
1252 1359 1392 1390 ecclesia
1417 1359 1491 1390 Dei.

414 1411 453 1442 V.
480 1411 634 1446 Quintum
660 1415 758 1452 caput
781 1411 942 1449 admonet,
966 1414 1001 1441 ut
1025 1411 1066 1449 si,
1094 1411 1178 1452 quod
1204 1422 1283 1453 sepe
1309 1411 1440 1442 evenire
1466 1411 1558 1449 solet,
1585 1410 1688 1442 abbas
1714 1414 1770 1442 aut
1794 1410 1963 1442 abbatissa

307 1463 347 1494 de
384 1463 442 1494 hac
478 1464 550 1494 luce
586 1464 812 1504 migraverint,
848 1466 925 1494 tunc
965 1474 1037 1494 cum
1074 1463 1207 1493 consilio
1243 1463 1403 1505 episcopi,
1441 1463 1530 1493 cuius
1569 1463 1601 1493 in
1632 1462 1825 1505 parroechia
1854 1463 1962 1504 ipsum

307 1515 538 1545 monasterium
563 1515 659 1545 situm
685 1519 743 1551 est,
770 1515 926 1557 probatae
951 1515 1014 1552 vite
1039 1518 1070 1544 01
1093 1515 1239 1555 religiosi
1265 1514 1443 1545 secundum
1476 1514 1583 1545 Deum
1609 1525 1651 1545 ex
1676 1515 1754 1556 ipsis
1781 1514 1964 1556 eligantura

306 1570 467 1608 pastores,
499 1567 553 1608 qui
584 1567 721 1598 sollicite
750 1567 929 1597 animarum
962 1567 1022 1597 sibi
1056 1567 1302 1597 commissarum
1331 1565 1485 1608 [curamb]
1513 1570 1641 1607 gerant.
1689 1567 1723 1597 Si
1747 1570 1856 1598 autem
1880 1566 1964 1597 infra

307 1620 442 1650 cenobio
472 1619 526 1649 illo
557 1619 630 1650 talis
660 1620 707 1649 vir
737 1619 869 1649 minime
902 1619 1101 1660 repperitur,
1132 1618 1171 1649 de
1204 1619 1266 1649 alio
1298 1619 1344 1649 eis
1376 1618 1513 1649 cenobio
1537 1618 1612 1648 talis
1636 1618 1801 1657 mittatur,
1827 1618 1881 1660 qui
1906 1628 1963 1649 eos

307 1671 484 1702 seeundum
508 1671 615 1702 Deum
639 1671 822 1712 gubernare
848 1674 956 1711 queat,
981 1674 1016 1701 ut
1041 1674 1148 1701 votum
1174 1670 1259 1712 quod
1278 1670 1348 1700 Deo
1375 1674 1530 1701 voverunt
1555 1670 1586 1700 in
1611 1670 1698 1700 0111111
1725 1670 1906 1700 humilitate
1931 1672 1964 1700 et

307 1723 514 1754 oboedientia
539 1723 590 1754 die
614 1727 778 1764 noctuque
804 1723 939 1764 implere
965 1726 1147 1763 satagantc,
1177 1722 1282 1764 parati
1315 1732 1444 1763 semper
1473 1722 1648 1764 precinctis
1674 1721 1793 1752 lumbis
1817 1720 1960 1752 ardenti-

307 1775 430 1816 busque
464 1775 605 1805 lucernis
643 1775 911 1816 patremfamilias
948 1777 1181 1816 expectanteS,
1212 1778 1246 1804 ut
1277 1773 1353 1804 dum
1378 1774 1555 1815 vigilantes
1580 1774 1754 1811 invenerit,
1783 1773 1882 1803 saciat
1906 1782 1962 1803 eos

307 1828 430 1858 aeterni
454 1827 592 1857 convivii
617 1838 690 1858 0550
716 1827 904 1869 participes.

410 1879 467 1909 VI.
494 1879 630 1910 Sextum
655 1879 832 1917 decretum,
857 1882 891 1909 ut
915 1878 1022 1908 nullus
1047 1878 1272 1920 cpiscoporum
1297 1877 1514 1919 presbiterum
1541 1880 1596 1908 aut
1622 1877 1793 1908 diaconum
1811 1875 1962 1907 ordinare

306 1934 483 1972 presumat,
508 1931 569 1961 nisi
594 1931 750 1972 probatae
777 1931 862 1961 vitae
887 1930 1007 1960 fuerint
1032 1936 1064 1960 et
1089 1930 1232 1960 officium
1258 1940 1351 1960 suum
1376 1930 1436 1960 rite
1463 1929 1598 1971 implere
1623 1929 1767 1970 possint,
1794 1931 1826 1958 et
1850 1928 1882 1958 in
1907 1927 1962 1958 illo

306 1983 400 2014 titulo
425 1986 643 2024 perseverent,
669 1982 708 2013 ad
733 1993 828 2024 (1110111
854 1982 1031 2012 consecrati
1057 1986 1140 2017 sunt,
1166 1982 1211 2012 ita
1234 1986 1269 2011 ut
1293 1981 1399 2011 nullus
1418 1981 1457 2012 de.
1475 1981 1610 2012 alterius
1630 1980 1724 2011 titulo
1743 1979 1961 2021 presbiterum

196 2051 221 2061 ‹v›
253 2047 262 2063 ·,
292 2038 362 2065 .aut
386 2034 556 2065 diaconum
582 2035 747 2075 suscipere
773 2038 938 2075 presumat
962 2032 1130 2074 ‘absque‘1ss
1156 2043 1254 2063 causa
1279 2033 1464 2064 rationabili
1490 2037 1521 2064 et
1545 2033 1648 2063 literis
1674 2031 1962 2063 commendaticiis.

144 2454 220 2474 Manli.
227 2457 257 2476 221,
266 2458 297 2475 27.

158 2507 233 2526 §latin
247 2510 266 2529 ὓ,
279 2511 295 2527 l.

411 2086 487 2117 VM,
514 2087 659 2128 Septimo
684 2086 834 2127 capitulo.
860 2089 895 2116 ut
920 2096 1033 2116 01111105
1059 2085 1220 2116 ecclesiae
1245 2084 1374 2126 publice
1406 2085 1573 2116 canonicis
1604 2084 1690 2115 horis
1715 2093 1844 2115 cursum
1868 2093 1963 2114 suum

307 2149 379 2169 cum
404 2139 589 2169 reverentia.
614 2138 766 2169 habeant.

411 2190 505 2220 VIII.
531 2192 654 2221 Octavo
681 2193 813 2228 statuto,
838 2192 873 2220 ut
898 2189 1070 2230 privilegia
1094 2189 1228 2229 antiqua
1253 2200 1271 2219 a
1288 2192 1400 2219 sancta
1417 2188 1566 2219 Romana
1592 2187 1669 2219 sede
1687 2187 1795 2219 delata
1812 2186 1960 2218 ecclesiis

307 2242 501 2272 omnimodis
526 2246 765 2273 conserventur.
814 2242 849 2271 Si
873 2252 936 2282 qua
960 2244 1070 2271 autem
1094 2244 1227 2282 propter
1252 2251 1424 2271 assensum
1455 2250 1628 2282 pravorum
1657 2239 1824 2271 hominum
1848 2242 1961 2270 contra

309 2295 466 2325 canonica
490 2295 638 2325 instituta
662 2294 843 2335 conscripta
869 2296 952 2331 sunt,
978 2293 1171 2323 avellantur.

415 2346 527 2377 vnn.
553 2346 645 2377 Nono
670 2346 785 2387 capite,
812 2349 845 2376 ut
870 2346 976 2375 nullus
1002 2356 1043 2375 ex
1068 2345 1297 2375 ecclesiasticis
1324 2344 1431 2375 cibum
1462 2344 1492 2374 in
1523 2348 1650 2375 secreto
1677 2354 1807 2375 sumere
1832 2343 1962 2382 audeat,

309 2399 367 2429 nisi
393 2410 447 2440 pre.
472 2399 569 2429 nimia
592 2399 791 2435 infirmitate,
816 2398 891 2438 quia
916 2397 1098 2438 hypocrisis
1123 2400 1155 2427 et
1181 2398 1419 2427 Saracenorum
1437 2400 1496 2427 est.
1549 2396 1624 2428 ldeo
1646 2396 1822 2435 hortamur,
1840 2399 1876 2427 ut
1896 2406 1962 2427 non

308 2451 407 2481 simus
442 2451 622 2481 forinsecus
664 2449 834 2491 sepulchra
876 2449 1041 2483 dealbata,
1084 2449 1170 2479 intus
1213 2453 1323 2479 autem
1359 2449 1447 2490 pleni
1489 2448 1702 2479 cadaveribus
1746 2452 1958 2487 mortuorum,

308 2503 449 2532 maxime
475 2513 547 2532 cum
574 2502 724 2533 Salvator
748 2501 839 2532 dicit:
865 2500 1045 2531 “Attendite
1070 2511 1109 2531 ne
1136 2501 1298 2531 iusticiam
1317 2505 1456 2531 vestram
1476 2501 1600 2531 faciatis
1627 2511 1735 2531 eoram
1762 2500 1958 2539 hominibus,

308 2558 343 2584 ut
370 2554 545 2585 videamini
576 2554 616 2585 ab
646 2554 708 2593 eis,
741 2553 884 2594 alioquin
913 2553 1099 2583 mercedem
1135 2563 1199 2583 non
1233 2553 1361 2583 habetis
1391 2553 1477 2594 apud
1508 2559 1635 2594 patrem
1661 2557 1820 2591 vestrum,
1851 2552 1961 2593 quiin

411 2718 433 2742 3,
463 2722 485 2748 “A
505 2719 640 2749 elegantur
661 2721 681 2743 (¹
784 2718 807 2751 ¹¹)
828 2728 875 2743 0111.
897 2720 923 2749 (Υ,
942 2719 1002 2742 add.
1025 2720 1092 2743 t'ciit.
1221 2723 1243 2749 Ἣ
1264 2722 1379 2750 sategant
1397 2719 1418 2740 Γ
1537 2717 1561 2745 d»
1582 2719 1620 2742 his
1640 2719 1719 2743 urbis
1731 2719 1826 2751 finitur
1850 2718 1961 2749 fol.117,

301 2761 373 2793 solia
392 2764 478 2785 ΙΙὸλῇ
490 2765 533 2786 12.)
552 2763 649 2794 tlcsztnl,
667 2772 731 2794 quac
750 2767 870 2787 secuntur
891 2763 1079 2787 Centurialorco·
1097 2762 1145 2786 suli
1164 2761 1356 2786 colans—5023
1375 2762 1444 2785 nobis
1462 2767 1636 2787 servaverunt.

1991 690 2014 708 10

1990 1215 2015 1233 20

1990 1475 2014 1493 25.

1989 1734 2014 1753 30

1989 1994 1999 2012 3
2002 1995 2013 2013 5

1987 2253 2012 2272 40
