2089 3171
716 163 866 190 ALCVINI
886 163 1093 190 EPISTOLAE.
1131 165 1190 191 ⁵249.
1715 167 1776 196 403

227 251 366 283 Videtur
383 252 468 282 enim
486 251 563 282 mihi
587 252 709 282 nullum
735 252 807 293 plus
832 262 985 292 peccasse
1003 252 1034 281 in
1053 251 1146 281 huius
1173 251 1348 292 impietatis
1373 251 1458 282 facto
1484 261 1579 292 quam
1606 252 1775 282 custodem

125 303 212 334 illius
238 304 406 337 scelerati,
443 314 484 334 ex
519 304 608 333 cuius
639 303 847 344 neglegentia
879 307 968 333 tanta
993 304 1078 333 mala
1103 307 1218 344 postca
1242 307 1376 334 exorta³
1401 306 1484 334 sunt.
1531 302 1576 334 Ut
1600 313 1672 334 cum
1697 314 1776 345 pave

125 365 235 386 corum
260 355 381 394 dicam,
414 355 466 396 qui
491 355 548 385 has
574 355 700 386 litteras
726 355 836 396 legere
860 354 1008 386 audiant.
1043 355 1159 385 iustius
1185 356 1320 386 aestimo
1355 366 1427 386 esse
1459 355 1565 386 illum.
1599 356 1689 386 cuius
1722 366 1777 386 nc-

124 407 289 447 glegentia
312 407 367 438 ille
386 418 460 438 reus
480 407 590 448 lapsus
616 410 663 437 est
687 406 726 437 dc
746 407 892 438 vinculis.
918 406 1031 437 eadem
1049 407 1115 448 pati
1135 407 1274 445 vincula,
1299 417 1393 448 quam
1419 407 1558 438 eundem
1583 417 1673 438 reum
1692 407 1777 447 fugi-

86 471 96 487 :.
125 460 226 490 tivum
251 459 291 489 ad
317 458 437 489 Christi
468 458 519 489 dei
548 459 649 489 nostri
675 463 706 489 et
736 463 921 489 sanctorum
948 458 1016 488 eius
1048 458 1228 499 patrocinia
1253 458 1292 488 de
1317 459 1458 489 ccclesia
1483 459 1523 489 ad
1548 459 1662 490 eadem
1688 458 1778 489 reddi

74 733 99 752 10

74 993 98 1012 15

73 1256 99 1276 20

74 1516 98 1536 25

75 1777 100 1795 ³0

75 2038 100 2057 35

76 2303 102 2321 40

78 2562 102 2581 ⁴5

124 511 261 542 vincula.
308 510 376 541 Nec
402 511 462 541 hoc
489 522 529 541 ex
552 522 626 542 mea
657 511 761 541 dicam
795 510 1036 542 aestimatione.
1071 509 1128 540 sed
1158 509 1289 540 Domini
1321 510 1491 541 roboratus
1522 521 1685 547 sermone,
1724 511 1778 552 qui

125 562 316 604 prophetam
341 563 408 603 regi
433 562 655 597 Israhelitico,
681 563 732 603 qui
759 562 879 593 dimisit
903 572 1013 603 regem
1039 562 1152 603 Syriae
1178 561 1216 592 de
1242 562 1388 592 manibus
1414 563 1497 597 suis*
1529 563 1624 594 iussit
1649 562 1777 593 dicere:

124 614 226 646 ‘Haec
243 614 320 645 dicit
336 614 510 646 Dominus:
537 614 621 650 Quia
639 615 788 645 dimisisti
808 615 910 645 virum
929 614 1061 655 dignum
1079 617 1192 645 morte.
1212 614 1271 644 erit
1288 614 1395 644 anima
1413 618 1467 645 tua
1485 625 1541 655 pro
1559 615 1667 646 anima
1685 614 1778 646 eius'.

228 666 356 698 Deinde
381 666 523 697 secundo
555 667 625 697 loco
656 667 843 697 incitatores
869 676 939 697 esse
965 665 1060 696 huius
1093 665 1251 696 tumultus
1277 665 1433 707 intellego
1460 667 1513 707 qui
1539 667 1655 697 armati
1679 677 1777 697 vene-

126 724 200 751 runt
224 719 338 750 maiori
362 730 509 752 numero,
544 729 639 760 quam
663 729 743 760 opus
768 722 868 749 esset.
903 718 942 749 de
968 718 1098 748 civitate
1124 717 1300 748 Aureliana
1326 718 1357 747 in
1384 718 1547 749 civitatem
1573 718 1777 759 Tyronicam.

124 771 275 809 Maxime,
301 772 375 812 quia
392 771 478 801 fama
495 771 635 801 cucurrit
651 781 709 812 per
725 781 820 801 aures
846 770 955 812 populi
973 769 1013 800 ad
1035 770 1096 800 hoc
1114 780 1170 800 cos
1188 770 1329 800 venisse.
1354 773 1389 800 ut
1408 771 1568 801 violenter
1592 771 1777 811 rapuissent

124 835 209 863 eum,
234 824 287 866 qui
313 824 503 864 confugerat
527 822 567 853 ad
591 823 768 865 patrocinia
795 823 954 853 ecclesiae
972 821 1094 852 Christi
1120 825 1151 852 et
1176 821 1265 852 beati
1282 821 1424 853 Martini.
1463 821 1548 852 Illud
1574 823 1670 853 etiam
1691 833 1777 853 com-

124 887 221 908 mune
247 879 296 907 est
320 875 467 907 omnibus
492 874 622 916 ubique,
648 875 732 917 quod
757 875 894 906 moleste
919 874 1025 905 ferant
1050 884 1124 904 suos
1150 873 1354 904 dehonorare
1382 878 1522 905 sanctos.
1563 874 1727 905 Fortassis
1746 878 1777 905 et

125 929 180 960 ille
205 928 301 959 miser
324 927 472 958 hortatus
497 931 546 958 est
570 927 611 958 ad
636 927 835 958 mansionem
860 937 951 957 suam
981 926 1117 957 rusticos
1142 926 1312 957 venientes
1336 927 1420 957 inter
1443 926 1575 968 pocula.
1606 930 1641 956 ut
1665 926 1776 957 defen-

126 980 241 1012 derent
265 980 440 1011 ecclesiam
465 980 568 1010 sancti
592 979 735 1017 Martini,
762 989 803 1009 ne
828 979 986 1010 violenter
1010 982 1180 1020 raperetur
1205 978 1245 1010 ab
1272 989 1319 1009 ea.

227 1032 338 1064 Tertia
362 1032 423 1062 fuit
447 1031 542 1062 huius
568 1032 726 1062 tumultus
751 1032 930 1072 instigatio,
956 1031 1032 1062 dum
1050 1034 1182 1062 sanctus
1200 1034 1294 1072 pater
1311 1034 1344 1061 et
1361 1030 1509 1072 pontifex
1533 1031 1665 1062 noster¹
1683 1031 1778 1061 nimis

124 1085 318 1127 inoportune
350 1084 470 1126 populo
504 1087 678 1125 praesente
709 1084 842 1114 intravit
873 1084 1047 1115 ecclesiam
1079 1094 1150 1114 cum
1186 1083 1387 1119 hominibus,
1426 1083 1480 1124 qui
1513 1083 1554 1114 ad
1588 1083 1779 1125 rapiendum

124 1138 252 1169 venisse
269 1147 360 1168 reum
376 1136 583 1178 putabantur.
624 1135 689 1166 Sed
706 1136 790 1167 forte
808 1136 867 1167 hoc
889 1136 964 1167 fecit
988 1136 1083 1167 corde
1108 1136 1256 1177 simplici,
1282 1135 1359 1166 nihil
1377 1136 1452 1166 mali
1471 1146 1512 1166 ex
1529 1135 1589 1166 hoc
1608 1136 1755 1167 accidere
1767 1138 1778 1154 '³

123 1200 223 1232 posse
247 1189 436 1220 aestimans.
483 1187 576 1219 Haeo
601 1188 715 1219 videns
740 1189 858 1230 vulgus
889 1189 1068 1227 indoctum,
1103 1189 1156 1230 qui
1188 1198 1318 1230 semper
1342 1199 1393 1219 res
1417 1188 1684 1219 inconvenientes
1710 1189 1778 1219 sine

127 1242 260 1274 consilio
286 1251 384 1282 agere
409 1240 492 1271 solet
503 1240 525 1275 2,
551 1240 804 1279 conclamarunt,
831 1240 869 1271 ad
896 1241 998 1272 fustes
1024 1244 1251 1272 cucurrerunt:
1277 1241 1376 1282 aliqui
1401 1241 1519 1281 inpigri
1543 1251 1562 1271 a
1587 1241 1664 1271 foris
1682 1251 1779 1272 vene-

124 1297 212 1332 runt,
243 1293 319 1324 dum
343 1293 437 1334 signa
461 1303 576 1323 sonare
606 1292 788 1323 audierunt.
835 1292 980 1327 Quorum
1012 1293 1111 1323 motio
1137 1303 1194 1334 per
1227 1292 1430 1323 indoctorum
1456 1303 1571 1324 manus
1596 1293 1779 1323 ministrata

125 1349 189 1381 est;
213 1346 295 1376 sicut
319 1345 517 1387 exquisitum
543 1349 593 1376 est
617 1356 635 1376 a
660 1348 788 1376 vestrae
814 1346 1018 1376 auctoritatis
1043 1345 1161 1378 missis.
1188 1345 1286 1375 immo
1312 1348 1344 1375 et
1369 1345 1408 1375 ab
1434 1344 1512 1385 ipsis
1537 1344 1778 1375 accusatoribus

124 1398 248 1430 nostris.
293 1397 377 1428 Nam
402 1397 464 1428 illis
488 1397 718 1439 praesentibus
744 1402 893 1428 sanctum
918 1398 1052 1428 allatum
1077 1401 1126 1428 est
1151 1397 1373 1438 evangelium.
1406 1397 1493 1438 ligno
1519 1401 1650 1428 sanctae
1675 1397 1778 1427 crucis

126 1450 346 1493 superposito:
372 1460 594 1491 quoscumque
611 1451 777 1481 iusserunt
794 1451 899 1482 iurare
918 1461 959 1481 ex
976 1449 1140 1481 fratribus.
1167 1450 1323 1480 fecerunt.
1365 1449 1495 1480 Fratres
1514 1459 1590 1480 vero
1609 1448 1779 1480 audientes

127 1503 221 1545 signa
243 1502 464 1545 prosiluerunt
480 1502 520 1532 de
537 1502 709 1533 refectorio
730 1502 770 1533 ad
788 1502 966 1535 sciendum,
992 1495 1048 1544 pro
1073 1512 1137 1542 qua
1162 1502 1347 1532 sonuissent
1371 1512 1479 1532 causa.
1519 1500 1581 1536 Qui
1598 1501 1780 1534 venientes.

123 1558 278 1597 quantum
305 1557 492 1597 potuerunt,
518 1557 552 1584 ut
577 1554 697 1587 audivi,
723 1554 920 1585 sedaverunt
943 1554 1134 1586 tumultum:
1158 1554 1234 1589 nisi¹¹
1262 1554 1314 1594 qui
1339 1553 1461 1584 inventi
1485 1556 1558 1584 sunt
1582 1556 1618 1584 ut
1642 1553 1778 1584 aestimo

123 1607 265 1638 infantes
280 1607 302 1644 3,
327 1607 381 1648 qui
405 1610 535 1637 vestrae
561 1606 651 1637 ducti
675 1610 750 1637 sunt
774 1606 992 1648 praesentiae.
1018 1607 1049 1636 in
1074 1607 1128 1637 illo
1153 1610 1372 1647 peccaverunt
1397 1616 1568 1636 concursu.
1614 1605 1643 1636 A
1662 1606 1779 1646 quibus

124 1659 227 1691 audiri
245 1663 363 1701 potest,
389 1659 465 1700 quid
492 1658 651 1699 egissent:
677 1659 729 1699 qui
755 1663 787 1689 et
811 1659 872 1700 ipsi
891 1659 1079 1689 iuraverunt
1096 1658 1215 1689 nullius
1242 1668 1276 1688 se
1301 1658 1361 1688 hoc
1388 1658 1491 1700 ipsum
1511 1658 1618 1698 egisse
1637 1657 1780 1688 hortatu.

124 1712 187 1742 nisi
212 1722 254 1742 ex
278 1711 402 1753 impetu
427 1711 584 1742 stultitiae
610 1721 698 1741 suae.
744 1710 813 1741 Nee
839 1710 922 1741 ullus
948 1722 989 1741 ex
1014 1711 1118 1741 vassis
1150 1711 1253 1741 sancti
1279 1709 1410 1740 Martini
1435 1709 1479 1740 ibi
1509 1709 1568 1740 fuit
1601 1710 1661 1740 nisi
1686 1720 1779 1741 unus.

126 1763 334 1805 Amalgarius
358 1763 503 1794 nomine:
529 1763 582 1804 qui
606 1773 733 1793 mecum
759 1762 873 1793 eadem
898 1763 959 1793 fuit
983 1763 1071 1793 hora.
1119 1762 1224 1798 Quem
1250 1763 1357 1792 statim
1382 1762 1455 1792 misi
1481 1772 1553 1792 cum
1579 1761 1649 1792 aliis
1673 1762 1779 1792 fratri-

124 1817 185 1848 bus
209 1815 249 1847 ad
273 1815 453 1847 sedandum
477 1815 662 1846 tumultum.
688 1815 901 1856 hominesque
920 1815 1096 1846 venerandi
1122 1815 1263 1856 episcopi
1288 1815 1414 1855 eripere
1432 1813 1471 1844 de
1492 1814 1640 1844 manibus
1658 1814 1779 1855 populi.

125 1879 166 1900 ne
197 1867 273 1910 quid
303 1868 380 1898 mali
404 1867 436 1898 in
461 1878 515 1898 eos
545 1871 673 1908 gestum
704 1869 800 1898 esset.
848 1866 920 1902 Qui.
947 1855 1237 1901 sedato'tumultu,
1264 1866 1350 1897 ducti
1377 1870 1453 1896 sunt
1478 1866 1509 1896 in
1534 1866 1779 1903 monasterium,

124 1920 180 1951 ubi
204 1921 285 1951 salvi
309 1930 383 1951 esse
406 1919 600 1961 potuissent.
649 1919 711 1954 Qui
736 1922 826 1961 tanto
852 1919 924 1950 odio
951 1922 1145 1950 exarserunt
1169 1919 1201 1949 in
1226 1929 1287 1953 me*
1313 1922 1348 1949 ut
1373 1918 1502 1949 bonum.
1529 1917 1612 1959 quod
1637 1918 1683 1949 eis
1703 1918 1780 1948 iussi

125 1973 244 2011 facerev
269 1972 302 2003 in
318 1971 438 2002 malum
456 1971 650 2003 verterint02
676 1971 822 2001 dicentes
839 1981 891 2002 me
909 1972 940 2002 in
962 1971 1169 2013 obprobrium
1195 1971 1257 2001 illis
1282 1970 1451 2011 eulogias4
1475 1970 1646 2001 direxisse.
1686 1969 1781 2005 Quod

127 2025 257 2056 omnino
286 2024 495 2055 falsissimum
528 2027 592 2055 est:
628 2024 813 2055 nescientes
845 2023 1005 2065 siquidem
1035 2034 1086 2054 me
1116 2023 1278 2054 dominico
1309 2023 1468 2054 imbutum
1501 2032 1572 2053 esse
1596 2026 1779 2063 praecepta

128 2077 182 2119 qui
204 2077 264 2108 ait:
291 2076 493 2107 ‘Benefacite
517 2075 578 2114 his7
603 2076 655 2117 qui
681 2075 809 2107 oderint
833 2075 912 2106 vos'.

230 2127 324 2159 Haec
348 2132 460 2159 sancta
483 2128 588 2170 pietas
612 2131 740 2159 vestra.
765 2127 894 2159 domine
919 2128 1079 2170 piissime,
1116 2126 1298 2158 consideret
1323 2136 1500 2167 verumque
1525 2129 1714 2166 cognoscat:
1749 2129 1781 2156 et

128 2181 322 2223 propitietur
356 2180 484 2210 famulis
516 2180 583 2210 suis
617 2180 649 2210 in
681 2179 743 2211 Dei
780 2180 1011 2221 omnipotentis
1047 2190 1156 2211 amore
1187 2183 1219 2210 ct
1255 2179 1359 2211 sancti
1384 2178 1515 2209 Martini
1551 2178 1780 2209 intercessoris

127 2233 225 2264 vestri
249 2233 382 2271 honore7
407 2232 459 2274 qui
484 2242 613 2273 semper
637 2231 836 2263 honoratusd
859 2232 920 2263 fuit
944 2233 976 2263 in
1000 2243 1101 2273 regno
1127 2235 1159 2263 et
1183 2242 1201 2262 a
1226 2231 1357 2273 regibus
1381 2231 1589 2261 Francorum.

233 2284 382 2316 Solemus
406 2283 478 2314 Deo
503 2283 612 2314 dicere
638 2283 668 2314 in
694 2284 898 2316 confessione
923 2288 1132 2326 peccatorum
1157 2288 1353 2315 nostrorum:
1385 2283 1430 2313 ‘Si
1455 2283 1644 2323 iniquitates
1668 2281 1779 2311 obscr-

128 2337 284 2375 vaveris0,
300 2336 452 2374 Domine,
475 2335 624 2373 Domine,
648 2336 717 2377 quis
736 2335 941 2367 sustinebit⁷?
977 2336 1132 2367 Dicamus
1150 2340 1182 2367 et
1198 2336 1266 2370 tibi,
1292 2336 1367 2377 quia
1384 2335 1619 2365 nobilissimum
1637 2332 1780 2364 eiusdem

129 2389 244 2431 capitis
267 2391 299 2419 te
323 2388 503 2419 membrum
528 2397 599 2418 esse
624 2388 784 2418 novimus:
811 2387 845 2419 Si
862 2388 1050 2429 iniquitates
1068 2388 1295 2419 observaveris
1306 2393 1328 2419 ⁰.
1353 2387 1471 2418 domne
1496 2387 1684 2428 imperator,
1711 2385 1780 2426 quis

129 2441 319 2473 sustinebit?
358 2440 513 2473 Maxime.
539 2440 614 2481 quia
639 2439 789 2481 specialis
815 2441 917 2471 virtus
942 2440 1070 2471 bonitas
1096 2444 1191 2481 atque
1216 2440 1286 2471 laus
1312 2440 1543 2481 imperatorum
1569 2448 1697 2479 semper
1722 2437 1781 2467 fuit

130 2493 303 2525 elementia
331 2493 364 2523 in
395 2492 557 2524 subiectos
584 2501 675 2528 SUOS,
706 2492 737 2522 in
762 2496 886 2522 tantum
923 2496 958 2523 ut
982 2492 1075 2523 Titus
1100 2492 1324 2522 nobilissimus
1350 2492 1525 2532 imperator
1549 2490 1594 2520 ait
1618 2489 1780 2520 neminem

129 2545 170 2576 ab
205 2545 400 2587 imperatore
437 2544 563 2575 tristem
599 2543 719 2575 debere
753 2544 906 2575 recedere
918 2546 940 2576 ⁵.
994 2544 1151 2575 Laetifica
1188 2544 1313 2574 animos
1352 2553 1519 2573 servorum
1557 2545 1686 2572 tuorum
1724 2551 1782 2582 per

130 2596 370 2629 misericordiae
387 2600 462 2627 tuae
486 2606 601 2626 munus
623 2596 832 2628 altissimum:
858 2597 1083 2638 superexaltet
1102 2595 1322 2627 misericordia
1340 2595 1503 2626 iudicium.
1543 2594 1605 2629 Qui
1622 2593 1781 2624 maximas

233 2710 258 2741 ³)
277 2710 384 2734 exhorta
403 2710 418 2733 h
439 2710 518 2734 delclo
540 2709 573 2733 Il.
658 2709 682 2741 ¹¹)
701 2709 823 2734 accidisse
844 2709 878 2733 Η.
950 2711 973 2737 ⁰)
993 2710 1076 2735 vei-tei·
1099 2710 1130 2733 ΙΙ.
1203 2708 1227 2734 ‘¹1
1249 2708 1377 2732 hon-uiuis
1401 2707 1431 2731 ΙῙ.
1505 2712 1526 2729 ⁰»
1548 2706 1726 2730 observaberis
1748 2705 1781 2728 ΙΙ.

232 2779 259 2810 1)
279 2777 405 2811 Iosephus
426 2778 638 2810 archiepiscopus
662 2777 828 2803 Turonensis.
913 2778 939 2810 2)
962 2778 1003 2809 Cf.
1017 2785 1100 2810 supra
1116 2785 1144 2809 p.
1162 2781 1206 2802 1919
1224 2786 1243 2801 v.
1257 2776 1350 2801 1'1111.
1446 2776 1471 2807 3)
1490 2775 1575 2807 pueri.
1658 2774 1684 2807 4)
1704 2773 1782 2800 eibos.

129 2822 156 2854 5)
174 2820 290 2855 Eutrop.
311 2821 430 2846 Breriar.
450 2821 465 2846 I.
474 2820 530 2846 VI]
546 2829 566 2847 c.
580 2825 619 2846 21.

1527 2871 1575 2896 51*

1804 252 1860 282 801
1881 252 1994 282 cx.vel

1860 295 1921 326 802

1789 626 1809 643 3.
1822 622 1873 647 Πος.
1887 628 1918 644 zu,
1930 625 1962 644 42.

1792 2090 1868 2111 Mutth,
1884 2093 1903 2111 5,
1918 2093 1951 2112 44,

1793 2290 1830 2309 Ps.
1848 2293 1890 2312 129,
1906 2292 1925 2310 3.

1794 2603 1837 2622 1:11¹.
1853 2605 1871 2627 2,
1889 2605 1920 2623 13.
