2089 3171
654 176 799 203 ALCVINl
821 175 1028 201 EPIsTOLxE.
1065 176 1122 201 31⁵2.
1143 176 1200 200 303.
1692 176 1748 205 461

209 266 309 308 Opto.
342 272 375 295 ut
406 265 544 295 feliciter
572 265 711 305 longeva
741 264 956 304 prosperitate
982 263 1012 292 in
1039 263 1096 292 hoc
1128 263 1257 293 sacculo
1282 263 1370 292 vivas
1397 266 1427 292 et
1452 265 1526 303 post
1551 261 1645 291 huius
1670 260 1754 290 vitae
1766 261 1970 292 0799—-804

106 319 278 348 terminum
297 317 366 347 Deo
391 317 531 347 donante
556 316 596 347 ad
620 323 797 358 perpetuae
817 314 1025 345 beatitudiuis
1051 324 1184 353 reguum
1211 315 1381 355 pervenire
1400 314 1565 345 merearis.
1592 313 1639 342 vir
1664 311 1753 342 nobi-

107 370 227 400 lissime
255 369 410 410 nobisque
435 369 666 399 amantissime.

209 611 362 642 Alco-inus
382 609 562 651 Nifridi'um
587 610 758 648 episcopum
785 608 1017 638 Narbonensem
1042 610 1068 636 vl
1096 607 1295 637 Remdiclmu
1321 606 1460 636 ablmlcm
1478 606 1693 636 Anianensmn
1717 604 1759 634 ml

67 675 77 691 τι
106 664 223 695 laboris
245 662 461 693 assiduitatem
486 661 672 692 cohortatur.
1448 668 1470 689 e.
1492 658 1671 688 799—804.

55 950 78 968 10

54 1210 77 1228 1⁵

53 1732 78 1751 2⁵

53 1992 78 2010 30

54 2251 78 2270 ³5

54 2558 79 2576 ⁴0

56 2792 81 2810 45

209 722 271 749 Cod.
291 722 323 748 Η
338 722 384 753 fol.
397 724 543 748 35¹—.36¹³.

207 765 258 792 Ed.
277 766 300 791 J
312 769 368 791 236.

104 846 350 870 DILECTISSIMIS
371 845 402 868 IN
424 846 570 869 (HRISTw
589 845 656 868 ΒΕΘ
677 845 843 868 PATfflutfs
864 843 1016 867 NlFRIDIO
1036 842 1215 866 EPISCOPO*
1234 842 1428 866 BENEDH'TO
1449 840 1592 864 ABBA'1'12
1610 839 1759 864 Exlssi'us

214 889 352 914 MERITIS
372 889 434 912 SED
455 889 588 912 FIDELIS
608 889 779 912 (ARITATE
799 887 994 911 ALCHVINL'S
1014 886 1197 910 AETERNAE
1218 885 1460 909 BEATITUDINIS
1481 884 1648 907 SALUTEM.

209 939 329 970 Fateor
357 950 407 969 me
441 940 622 980 frequentia
653 939 832 970 litterarum
866 942 994 969 vestrae
1028 937 1208 968 sanctitatis
1241 946 1419 978 occupasse
1449 935 1576 966 oculos.
1612 934 1668 965 sed
1698 945 1758 964 nec

105 993 148 1023 sic
172 996 281 1022 tamen
305 991 461 1033 implesse
487 991 629 1021 caritatis
659 990 880 1021 dulcedinem.
913 1001 995 1031 quae
1022 999 1129 1020 meum
1158 988 1344 1020 nullatenus
1379 986 1560 1029 permittitb
1591 987 1758 1028 quiescere

103 1044 261 1074 calamum
287 1054 346 1074 nec
370 1043 572 1074 lassescerec
589 1043 732 1083 linguam
758 1043 790 1073 in
816 1041 1004 1073 dictand03:
1032 1042 1144 1072 volens
1169 1040 1343 1071 ostendere
1362 1038 1619 1081 magnitudinem
1639 1038 1758 1069 amoris

104 1101 136 1127 et
160 1089 233 1126 fidei
258 1095 427 1126 fervorem.
454 1105 515 1136 quo
540 1096 664 1126 animus
690 1106 781 1125 meus
807 1095 838 1125 in
865 1100 1004 1125 vestram
1032 1094 1214 1135 conligatus
1240 1099 1290 1123 est
1314 1092 1521 1122 dilectionem
1540 1089 1758 1130 fratribusque

105 1148 362 1189 conglutinatus.
399 1158 477 1189 quos
510 1147 617 1177 divina
646 1148 777 1189 superni
808 1149 948 1189 pastoris
977 1147 1081 1188 gratia
1112 1157 1171 1188 per
1200 1150 1328 1177 vestrae
1358 1145 1540 1176 devotionis
1572 1143 1758 1174 instantiam

105 1200 167 1230 illis
185 1199 378 1230 coadunavit
404 1200 434 1229 in
451 1199 637 1240 partibus-⁴:
662 1206 696 1229 ut
714 1199 801 1229 cives
822 1199 902 1230 caeli
926 1199 1108 1239 angelicam
1128 1202 1265 1240 agerent
1288 1198 1320 1228 in
1345 1197 1439 1228 terris
1458 1197 1573 1227 vitam:
1597 1195 1760 1237 patienter

105 1255 317 1293 expectantes
342 1251 471 1282 beatam
497 1261 588 1292 spem
614 1254 645 1281 et
669 1250 843 1281 adventum
869 1261 1007 1291 magnae
1032 1249 1322 1280 remunerationis.
1356 1259 1419 1290 qua
1448 1248 1573 1289 angelis
1604 1245 1758 1288 aequales

104 1304 286 1336 efficiantur
310 1313 372 1334 non
398 1303 501 1334 solum
527 1303 707 1333 animarum
734 1302 903 1343 dignitate.
931 1302 988 1333 sed
1013 1303 1111 1332 etiam
1137 1300 1328 1343 corporumd
1353 1300 1600 1331 resurrectione.

208 1355 287 1392 Quis
310 1355 400 1386 labor
424 1355 572 1396 cuiquam
598 1354 716 1385 duruse
735 1355 835 1385 videri
860 1354 966 1385 debet.
992 1354 1066 1385 duni
1092 1353 1231 1384 fideliter
1255 1353 1287 1383 in
1306 1352 1427 1383 Christi
1454 1351 1645 1382 sudantibus
1665 1361 1759 1392 prae-

104 1409 206 1450 ceptis
231 1408 379 1449 angelica
404 1407 602 1449 promittitur
631 1407 834 1448 aequalitas?
884 1406 967 1442 Quid
998 1406 1126 1437 futurus
1155 1405 1246 1446 regni
1279 1404 1337 1435 Dei
1367 1415 1537 1446 possessor
1568 1403 1699 1434 difficile
1729 1403 1759 1432 in

107 1460 200 1490 terris
224 1459 397 1490 aestimare
423 1459 474 1490 vel
499 1459 614 1489 timere
639 1457 780 1489 debebit.
806 1458 882 1489 dum
906 1457 1044 1499 eundem
1070 1457 1170 1488 habet
1188 1456 1371 1488 adiutorem
1397 1457 1427 1487 in
1452 1455 1661 1487 ascendendo
1688 1454 1758 1485 ubi-

104 1522 181 1553 que,
211 1521 306 1553 quem
336 1511 437 1542 habet
467 1514 744 1542 remuneratorem
776 1521 906 1552 semper
931 1511 961 1540 in
988 1509 1175 1541 redeundo?
1212 1508 1291 1544 Quis
1322 1509 1449 1540 felicior
1479 1508 1549 1538 illo.
1584 1507 1637 1549 qui
1664 1507 1758 1537 aliam

104 1574 167 1594 non
185 1563 285 1594 habet
301 1568 426 1605 partem
452 1563 483 1593 in
508 1562 567 1593 hoc
593 1563 725 1593 saeculo
749 1563 810 1592 nisi
835 1562 1000 1592 dominum
1018 1561 1147 1593 Deum?
1173 1562 1226 1603 qui
1251 1560 1324 1592 ideo
1343 1560 1510 1591 descendit
1535 1559 1574 1590 de
1600 1562 1757 1601 paternae

104 1615 286 1646 maiestatis
311 1614 398 1646 sede.
423 1619 459 1645 ut
483 1614 572 1645 nobis
598 1614 798 1656 patefaceret
823 1614 907 1644 viam
934 1613 1086 1645 caelestis
1113 1613 1204 1654 regni
1230 1612 1410 1644 ascendere
1428 1612 1574 1654 gloriam.
1619 1611 1759 1642 Tantum

104 1677 161 1698 nos
191 1666 274 1697 tardi
305 1677 368 1697 non
402 1667 501 1697 simus
534 1667 565 1697 in
597 1665 787 1708 accipiendo
820 1666 903 1707 quod
935 1666 988 1696 ille
1018 1665 1112 1696 valde
1144 1666 1253 1706 largus
1285 1670 1333 1695 est
1364 1666 1394 1695 in
1425 1663 1632 1705 praestando.
1690 1662 1760 1693 Hoc

107 1729 303 1760 magnopere
329 1718 597 1749 considerandum
623 1724 687 1749 est.
713 1723 747 1748 ut
771 1719 896 1758 integra
921 1717 999 1748 fide.
1031 1717 1189 1748 catholica
1215 1728 1304 1759 pace.
1331 1716 1496 1747 indefesso
1521 1716 1632 1747 labore
1658 1726 1760 1756 usque

105 1771 136 1801 in
160 1771 255 1801 finem
281 1771 406 1801 firmum
431 1781 681 1812 perseveremus
706 1771 736 1800 in
763 1780 862 1812 opere
888 1769 950 1801 Dei
976 1775 1021 1807 et.
1054 1769 1137 1811 quod
1163 1770 1265 1801 semel
1291 1770 1467 1810 elegimus.
1493 1778 1624 1810 semper
1648 1772 1760 1798 tenea·

105 1834 185 1854 mus.
241 1822 404 1864 Propositi
439 1823 539 1853 nostri
574 1833 636 1853 non
671 1822 932 1863 derelinquamus
964 1822 1211 1863 professionem.
1269 1820 1341 1852 Stet
1372 1821 1595 1862 unusquisque
1627 1820 1658 1850 in
1693 1818 1761 1849 acie

106 1876 271 1906 exercitus
289 1874 420 1906 Christi.
446 1885 509 1905 non
535 1874 766 1916 derelinquens
793 1875 898 1904 locum
925 1884 1026 1905 suum.
1054 1873 1110 1904 sed
1137 1873 1273 1904 viriliter
1297 1876 1421 1915 pugnet
1446 1883 1517 1903 cum
1541 1871 1759 1903 conmilitoni—

106 1928 166 1958 bus
191 1928 268 1958 suis.
316 1926 399 1963 Quia
417 1927 591 1958 multorum
617 1927 740 1958 auxilio
764 1927 866 1963 tutius
885 1926 1031 1957 laborem
1048 1926 1181 1956 militiae
1201 1926 1350 1956 sustinet.
1377 1936 1471 1967 quam
1498 1926 1524 1955 si
1542 1925 1631 1955 solus
1649 1929 1759 1954 contra

107 1979 263 2020 plurimos
295 1982 380 2010 stare
411 1979 542 2020 incipiat
573 1980 637 2011 vel.
671 1978 757 2020 quod
787 1978 886 2009 absit.
921 1978 1076 2019 fugiendo
1107 1985 1199 2018 terga
1230 1977 1379 2008 ostendat
1412 1975 1686 2018 persequentibus
1716 1984 1760 2004 se.

103 2030 229 2062 Teneat
258 2031 481 2072 unusquisque
511 2041 600 2061 arma
635 2041 706 2064 sua.
739 2030 769 2060 in
795 2029 910 2071 quibus
937 2029 1137 2072 triumphare
1162 2029 1275 2060 debet:
1308 2040 1367 2060 nec
1392 2040 1431 2060 ea
1455 2028 1593 2059 inimicis
1618 2030 1761 2069 praestet

104 2083 180 2113 suis.
227 2081 387 2114 Ooerceat
421 2083 564 2124 linguam
599 2093 687 2113 suam
715 2093 732 2113 a
757 2084 1010 2114 murmuratione
1040 2083 1093 2113 vel
1127 2082 1403 2124 repraehensione
1437 2085 1491 2112 aut
1521 2086 1608 2112 certe
1643 2079 1759 2110 ceteris

105 2134 234 2176 linguae
259 2135 359 2169 vitiis:
387 2145 468 2176 quae
493 2134 567 2165 data
593 2143 641 2165 cst
667 2136 696 2165 ei
721 2135 761 2165 ad
787 2135 915 2166 laudem
944 2135 1014 2171 Dei,
1041 2134 1081 2165 ad
1106 2135 1278 2165 veritatem
1304 2133 1542 2175 proferendam.
1569 2132 1619 2162 vel
1644 2132 1760 2162 frater-

106 2197 180 2218 num
211 2185 468 2218 exhortandums
489 2187 647 2218 laborem.
696 2186 763 2217 Utss
787 2197 849 2217 non
881 2187 976 2217 habet
1007 2186 1232 2224 adversarius,
1267 2185 1341 2227 quid
1372 2186 1400 2216 ei
1434 2190 1549 2216 noceat
1574 2184 1605 2214 in
1631 2184 1760 2224 linguae

107 2238 232 2277 officio,
266 2239 310 2269 sic
339 2238 378 2269 de
409 2240 526 2269 ceteris
561 2239 778 2270 membrorum
810 2240 988 2270 ministerio
1020 2238 1226 2270 sentiendum
1257 2242 1316 2269 est.
1364 2237 1513 2268 Infirmus
1546 2240 1595 2266 est
1625 2246 1760 2277 serpens

106 2291 136 2321 in
161 2301 220 2322 sua
236 2291 366 2329 virtute⁷
393 2291 418 2321 si
444 2295 554 2321 nostra
580 2291 625 2321 illi
652 2302 715 2321 non
741 2291 854 2322 demus
879 2302 967 2322 arma
992 2291 1031 2322 ad
1051 2291 1287 2322 vulnerandum
1308 2301 1376 2321 nos.
1417 2290 1597 2320 Teneamus
1615 2288 1759 2318 firmiter.

106 2353 189 2384 quae
220 2348 331 2374 nostra
363 2347 454 2377 sunt,
490 2347 524 2373 ut
555 2343 715 2384 possimus
746 2343 902 2374 evadere.
936 2353 1019 2384 quae
1050 2346 1161 2373 nostra
1193 2353 1255 2373 non
1282 2346 1370 2377 sunt.
1404 2341 1434 2372 id
1461 2346 1510 2372 est
1535 2344 1669 2371 aeterna
1695 2345 1758 2370 tor-

107 2394 247 2432 mentab.
279 2394 336 2426 sed
369 2395 506 2431 habere.
540 2405 622 2436 quae
656 2398 767 2425 nostra
793 2395 891 2425 voluit
919 2395 1007 2426 Deus
1037 2405 1124 2426 esse.
1155 2394 1185 2425 id
1216 2399 1263 2426 est
1295 2404 1395 2435 regna
1427 2393 1601 2424 caelorum.
1640 2391 1759 2422 Videat

209 2507 266 2534 303.
304 2510 328 2541 ²)
348 2509 468 2533 Lemma:
491 2509 536 2533 Ad
560 2509 737 2533 Nitridium
761 2509 945 2541 episcopum
968 2514 996 2533 ct
1020 2509 1232 2533 Benedictum
1256 2509 1404 2533 abbatem
1430 2507 1464 2530 H.
1548 2505 1573 2536 Ι))
1598 2507 1699 2538 pei-mitt
1726 2505 1761 2529 H.

107 2556 130 2583 c)
150 2552 275 2577 lases-cere
295 2551 329 2576 H.
401 2550 425 2583 1¹)
446 2553 557 2584 corporis
577 2552 623 2584 leq.
638 2551 718 2576 Pertz.
785 2552 808 2581 e)
829 2553 917 2577 durius
938 2551 971 2576 II.
1044 2551 1062 2583 s)
1082 2551 1240 2577 exhortando
1254 2551 1288 2574 Η.
1355 2554 1377 2577 Β)
1399 2555 1423 2574 et
1444 2549 1478 2573 H.
1547 2549 1570 2573 11ι
1590 2555 1694 2573 aeterna
1713 2555 1761 2572 tor-

106 2599 193 2620 menta
211 2595 312 2627 scripsit
331 2595 356 2619 .l.
372 2603 423 2626 pro
442 2599 586 2620 ator-menta
606 2594 640 2618 Il.

211 2655 234 2686 1)
254 2653 436 2686 Narbonensi,
463 2655 509 2687 qui
531 2654 650 2686 primum
675 2662 748 2679 anno
776 2657 826 2680 799.
852 2657 1069 2680 commemoratur
1093 2654 1170 2686 (Abel
1193 2653 1362 2679 'salu-bucher
1384 2652 1430 2677 des
1451 2651 1622 2683 sriinksscheu
1652 2651 1762 2677 Reiclzes

107 2697 191 2730 I,361
211 2706 236 2723 n.
252 2702 286 2730 2).
367 2698 392 2723 2,
414 2697 575 2723 Anianensz'.
656 2698 682 2723 3»
704 2696 744 2728 Cf.
758 2705 840 2730 supra
856 2706 885 2730 p.
899 2700 946 2723 318
965 2701 1074 2730 ep.191:
1095 2697 1221 2730 linguam
1243 2697 1277 2722 ad
1305 2695 1477 2722 dictandum.
1559 2696 1585 2724 4)
1607 2694 1647 2726 Cf.
1665 2694 1761 2719 Versus

109 2739 134 2765 T
131 2740 247 2772 'teodulfi
265 2740 303 2766 ad
322 2741 460 2766 monachos
480 2740 504 2765 S.
520 2740 660 2766 Benedicti
678 2740 761 2771 (Poet.
779 2740 863 2766 Carol.
880 2741 904 2773 I,
917 2743 991 2774 520):

556 2783 634 2816 Quod
657 2784 710 2809 fuit
730 2784 859 2810 Ausoniis
879 2783 1046 2810 Benedictus
1066 2786 1155 2809 rector
1174 2784 1202 2809 in
1222 2783 1303 2809 arvis.

610 2828 664 2853 Hoc
686 2827 766 2853 modo
786 2831 816 2853 tn
837 2828 864 2854 in
886 2828 986 2854 nostris
1007 2838 1042 2854 cs.
1064 2827 1222 2853 Henctlictc.
1243 2827 1316 2853 locis.
