2089 3171
73 963 97 981 10

71 1223 94 1241 15

68 1749 93 1768 25

70 2272 94 2291 35

68 2600 94 2619 40

69 2817 94 2836 45

676 158 825 185 ALCVINI
846 159 1055 186 EPISTOLAE.
1091 160 1149 186 206.
1169 161 1228 186 ⁴207.
1719 164 1779 192 343

125 251 159 275 ut
192 245 230 275 de
263 256 335 276 mea
368 246 472 276 salute
506 245 551 275 illi
585 245 767 276 mercedem
799 245 940 276 habeant
971 247 1213 288 sempiternam.
1260 248 1351 278 Deus
1382 259 1494 279 omncs
1525 248 1596 278 illos
1622 253 1779 290 perpetua

126 297 327 338 protectione
353 296 515 327 custodiat
539 301 571 328 et
595 297 694 328 faeiat
719 308 775 328 eos
801 298 833 328 in
858 298 944 328 omni
970 309 1068 339 opere
1086 298 1172 329 bono
1192 299 1358 340 proficere,
1384 304 1419 330 ut
1440 300 1656 341 multiplicato
1674 299 1778 330 talen-

125 353 230 379 torum
255 359 389 379 numero
415 349 583 390 multiplici
610 350 891 380 remuneratione³
921 349 1011 390 digni
1036 349 1219 380 efficiantur
1249 351 1334 392 apud
1359 351 1476 382 Deum.
1523 351 1645 382 Vivant
1667 361 1779 382 omnes

126 404 157 430 et
181 400 317 431 floreant
341 400 480 431 feliciter
504 401 535 431 in
561 401 692 431 Christo
716 400 846 431 domino
872 400 944 432 Deo
970 408 1089 432 nostro.

917 617 989 647 207.

226 677 381 708 Alcvinus
396 677 524 708 Arnoni
539 677 767 717 archiepiswpo
784 677 1018 717 Salisbmyensi
1035 678 1206 717 respondet.
1238 677 1284 709 De
1300 678 1497 708 adiutoribus
1513 688 1533 708 a
1549 688 1579 709 sc
1595 679 1780 717 assumptis:

120 729 157 760 de
186 729 276 760 caede
300 729 460 768 pontificis
489 729 650 760 cuiusdam
681 730 872 763 ulciscenda:
901 729 937 760 (Ze
962 730 1161 768 *S'axonibnx
1190 729 1227 760 (lc
1252 729 1401 768 colloquio
1425 740 1490 760 cum
1516 730 1620 761 Felice
1643 730 1781 770 episcopo

127 781 322 822 Urqellitano
341 781 449 823 factm·
471 781 507 811 dc
531 782 697 812 monitoria
722 782 852 821 epistola
875 781 993 813 addita.
1457 784 1520 811 ὅθί)
1543 782 1617 813 Iun.
1640 783 1691 812 26.

226 840 286 867 Cod.
308 841 338 867 Η
353 842 398 873 fol.
413 845 552 868 100—102.

225 884 296 911 Edd.
319 884 348 910 F
360 888 411 917 176,
431 885 516 911 ι[147.
539 901 567 904 -
590 886 683 919 Miyne
701 886 747 912 col.
763 888 822 911 348.

199 964 342 988 DivisAn
361 965 542 988 CARrrA'ns
562 965 642 989 vieo
662 964 813 995 AQL‘lLAE
832 964 1004 988 Poxrlriffl
1024 964 1249 988 mamonis
1269 964 1426 987 saxeus
1446 964 1503 987 Dei
1523 964 1708 988 nocensne

756 1007 953 1031 ALCHVINUS
972 1007 1142 1031 SALUTEM.

225 1059 352 1090 Caritas
384 1060 451 1090 sola
481 1063 545 1098 est,
580 1070 662 1101 quae
693 1059 845 1090 absentes
871 1058 1039 1099 coniungit
1075 1061 1107 1088 et
1132 1061 1324 1099 praesentes
1348 1057 1519 1088 laetificat:
1551 1069 1633 1099 quae
1660 1057 1779 1099 ubique

121 1111 258 1142 iocunda
282 1116 341 1150 est³
367 1111 485 1153 ubique
510 1112 603 1143 bonis
627 1111 776 1142 omnibus
801 1110 1002 1152 congaudet:
1027 1121 1110 1151 quae
1129 1110 1245 1141 dextro
1266 1110 1435 1151 laevoque,
1462 1121 1518 1152 spe
1542 1110 1604 1141 fide
1623 1110 1780 1142 munitur:

122 1174 205 1205 quae
229 1164 452 1206 temporaliter
475 1164 603 1205 incipit,
635 1163 692 1194 sed
717 1163 952 1205 perpetualiter
976 1166 1162 1204 permanetss.
1195 1162 1264 1193 sine
1290 1173 1352 1204 qua
1377 1163 1466 1193 nulla
1491 1163 1592 1193 virtus
1618 1166 1683 1195 est,
1710 1163 1779 1193 sine

123 1225 186 1256 qua
210 1216 333 1246 nullum
359 1226 439 1257 opus
464 1215 583 1246 bonum
609 1219 673 1252 ρετ,
699 1215 769 1246 sine
794 1225 858 1256 qua
882 1215 1004 1245 nemini
1028 1214 1109 1245 visio
1134 1214 1241 1244 divina
1267 1214 1463 1245 conceditur.
1511 1214 1611 1252 Quia,
1639 1215 1663 1244 si
1690 1214 1779 1245 Deus

120 1267 171 1298 hie
201 1278 263 1298 non
293 1272 433 1305 amatur,
467 1267 511 1298 ibi
541 1278 604 1298 non
629 1267 806 1305 videbitur,
840 1266 895 1297 ubi
928 1266 995 1297 suis
1024 1265 1223 1296 amatoribus
1249 1277 1375 1296 summa
1409 1271 1456 1296 est
1482 1266 1648 1296 beatitudo
1674 1266 1780 1297 Deum

1814 248 1875 278 800

1821 289 1867 309 lun.
1882 291 1914 310 Ξῖ»,

120 1318 246 1352 videre:
281 1318 409 1350 dicente
442 1319 512 1361 ipsa
537 1319 691 1350 veritate:
723 1318 797 1354 *Qui
828 1322 936 1349 autem
967 1317 1071 1359 diligit
1101 1328 1168 1348 me.
1202 1316 1348 1359 diligitur
1377 1329 1395 1348 a
1420 1321 1511 1359 patre
1541 1328 1628 1352 meo,
1662 1322 1695 1349 et
1719 1328 1779 1359 ego
1792 1325 1836 1345 [mh.
1854 1328 1884 1347 14.
1899 1327 1931 1345 21.

120 1370 252 1412 diligam
276 1382 350 1402 eum
375 1375 407 1402 et
431 1371 646 1403 manifestabo
671 1371 701 1402 ei
725 1381 775 1402 me
801 1369 928 1412 ipsum'.
966 1369 1056 1402 Ideo.
1083 1369 1252 1401 carissime
1270 1373 1373 1411 pater.
1400 1380 1546 1401 amemus
1564 1370 1664 1401 illum.
1690 1370 1779 1400 cuius

121 1424 202 1454 visio
226 1423 394 1455 beatitudo
420 1428 470 1455 est
495 1428 638 1455 aeterna.

227 1476 292 1507 Sed
326 1476 352 1507 si
384 1476 466 1507 forte
502 1476 595 1507 dicis:
628 1475 788 1517 quomodo
813 1474 971 1506 amandus
994 1479 1055 1505 -est
1080 1474 1194 1504 Deus?
1231 1473 1441 1516 respondebit
1466 1475 1523 1505 tibi
1548 1475 1636 1516 ipse,
1669 1474 1722 1515 qui
1749 1478 1780 1504 et

120 1531 210 1558 ante:
242 1527 288 1559 ·Si
313 1528 383 1569 quis
414 1528 518 1569 diligit
547 1538 613 1563 me,
645 1537 826 1558 sermonem
852 1537 960 1557 meum
986 1524 1149 1556 servabit'.
1196 1525 1238 1556 Et
1274 1526 1299 1556 si
1324 1525 1429 1556 adhuc
1455 1527 1598 1567 quaeris,
1630 1525 1706 1568 quid
1739 1527 1778 1557 sit
1790 1537 1865 1557 ψη
1881 1539 1913 1558 2³.

122 1589 227 1610 sermo
252 1580 348 1617 illius,
373 1591 410 1611 eo
436 1581 507 1622 ipso
532 1580 671 1617 dicente,
697 1580 750 1620 qui
775 1582 825 1610 est
842 1578 975 1609 verbum
993 1578 1066 1613 Dei,
1092 1578 1190 1615 disce,
1216 1578 1270 1609 ubi
1296 1578 1356 1608 ait:
1382 1578 1465 1609 ‘Hoc
1490 1582 1540 1609 est
1565 1581 1776 1620 praeceptum
1788 1588 1817 1608 ἢ»,
1836 1592 1866 1611 ιθ,
1883 1590 1913 1609 12.

120 1641 243 1669 meum,
275 1636 311 1662 ut
343 1631 483 1673 diligatis
512 1631 671 1662 invicem'.
726 1628 930 1666 Quomodo’,
962 1630 1007 1660 ait
1039 1629 1257 1670 evangelista.
1291 1629 1407 1660 *Deum
1432 1629 1554 1671 diligis,
1588 1641 1682 1671 quem
1714 1640 1943 1663 nouissimam

120 1683 227 1721 vides,
259 1684 333 1725 quia
361 1684 492 1715 fratrem
522 1689 612 1715 tuum
644 1694 704 1714 non
736 1683 859 1724 diligis,
894 1693 990 1723 quem
1022 1680 1147 1712 vides'?
1203 1681 1315 1712 Haec¹
1346 1692 1423 1712 vero
1461 1682 1625 1712 mentibus
1659 1683 1779 1712 nostris

120 1735 275 1767 radicitus
300 1737 465 1778 infigatur:
492 1737 572 1767 haec
597 1740 732 1767 aeterna
757 1735 912 1766 memoria
936 1737 1102 1765 teneatur:
1134 1733 1218 1764 hanc
1245 1738 1293 1767 tu,
1320 1744 1445 1764 summe
1471 1734 1622 1765 sacerdos
1648 1734 1778 1771 Christi,

119 1787 152 1818 in
182 1788 289 1819 animo
320 1793 434 1819 teneas
463 1788 660 1819 indeficienti
691 1791 722 1818 et
752 1786 901 1817 omnibus
935 1785 1124 1827 praedicare
1150 1784 1295 1816 studeas.
1344 1785 1382 1816 In
1407 1785 1467 1816 hac
1493 1789 1525 1816 et
1549 1796 1618 1822 me,
1649 1786 1778 1817 fidelem

121 1842 211 1870 tuum
236 1842 423 1877 amatorem,
448 1851 578 1881 semper
602 1840 634 1870 in
660 1839 798 1870 salutem
824 1839 951 1870 animae
976 1849 1069 1869 meae
1095 1837 1272 1869 admoneas
1297 1841 1329 1868 et
1353 1839 1555 1869 orationibus
1573 1838 1718 1870 adiuves.
1745 1843 1779 1870 ut

122 1892 154 1922 in
179 1902 219 1923 ea
243 1892 421 1934 proficiam,
445 1892 547 1923 donec
573 1892 644 1922 Deo
669 1891 830 1933 dirigente
857 1901 970 1921 cursus
988 1890 1074 1920 vitae
1102 1900 1196 1920 meae
1221 1889 1261 1920 ad
1284 1890 1465 1931 perfectum
1488 1891 1656 1931 perveniat
1672 1891 1778 1922 finem.

224 1943 292 1974 Nee
323 1955 417 1975 meae
442 1945 594 1986 parvitati
621 1954 700 1985 opus
729 1948 780 1974 est
804 1941 936 1974 sillabas
961 1941 1192 1972 admonitionis
1217 1942 1432 1983 multiplicare
1458 1942 1530 1975 tibi:
1564 1953 1635 1973 cum
1660 1943 1778 1981 omnia,

122 1995 231 2027 divina
254 1996 434 2038 inspirante
458 1996 573 2038 gratia.
599 2000 629 2026 et
655 1996 774 2038 optime
800 2005 995 2036 cognoscere
1021 1998 1053 2025 et
1078 1994 1193 2024 melius
1218 1994 1375 2036 perficere
1401 1998 1488 2025 tuam
1513 1995 1588 2025 novi
1614 1995 1777 2025 sublimis-

122 2048 234 2079 simam
260 2049 477 2081 sanctitatem.
525 2048 610 2080 Sedb
639 2059 679 2079 ne
709 2059 760 2079 me
786 2047 1018 2078 taciturnitatis
1047 2057 1137 2077 reum
1172 2057 1246 2077 esse
1270 2047 1354 2077 iuste
1379 2046 1567 2085 denotares,
1601 2047 1777 2078 secundum

121 2101 375 2143 oportunitatem
400 2102 566 2143 portitoris
591 2101 713 2142 aliquid
738 2100 796 2131 tibi
821 2099 966 2130 scribere
991 2098 1179 2129 dulcissima
1203 2109 1254 2130 me
1274 2099 1372 2129 vestri
1390 2099 1528 2129 nominis
1547 2100 1631 2140 cogit
1649 2100 1777 2130 caritas.

224 2152 278 2184 Me
308 2163 401 2187 vero,
438 2153 500 2184 iter
530 2156 705 2194 agentem⁰
735 2152 774 2183 de
803 2151 955 2193 palati02,
987 2154 1080 2181 sexto
1111 2150 1186 2182 Kal.
1215 2150 1276 2181 Iul.
1311 2154 1425 2191 quarta
1457 2151 1573 2181 leouua
1607 2162 1625 2181 a
1658 2150 1777 2182 Sancto

121 2204 292 2236 Amando³
325 2205 356 2236 in
393 2205 617 2236 mansiuncula
653 2205 764 2236 Sancti
800 2204 931 2235 Martini
968 2202 1093 2234 invenit
1126 2202 1231 2233 fidelis
1263 2206 1374 2233 vester
1409 2202 1548 2233 famulus
1579 2202 1777 2236 Dominicus,

123 2261 277 2299 utrasque
300 2257 425 2289 habens
449 2268 562 2288 manus
584 2268 717 2288 munere
735 2257 879 2288 caritatis
897 2256 1052 2297 inpletas:
1079 2254 1248 2286 dexteram
1267 2255 1431 2286 mellifluis
1449 2255 1631 2286 dilectionis
1649 2260 1778 2286 vestrae

121 2309 248 2346 litteris,
273 2309 439 2340 sinistram
465 2309 584 2351 duplici
610 2319 778 2340 munerum
804 2309 914 2350 specie
939 2308 1169 2349 gratissimam.
1206 2306 1274 2337 Nee
1300 2318 1351 2337 me
1378 2318 1466 2337 mora
1484 2308 1588 2337 tenuit
1605 2307 1777 2341 tarditatis,

224 2439 248 2472 ι)
267 2441 466 2465 remunerationi
487 2440 522 2464 H.

223 2482 283 2508 207.
319 2482 344 2514 ³)
363 2484 488 2515 quomodo
508 2483 542 2507 H.
613 2482 638 2514 b)
658 2488 683 2507 et
702 2483 738 2507 H.
809 2487 831 2508 ὓ)
852 2488 943 2515 agente
962 2482 998 2506 H.

225 2553 250 2582 1)
275 2551 382 2577 caritas.
489 2552 516 2579 ⁵2)
543 2551 764 2584 Awisyranensi.
804 2550 953 2576 Ostendant
979 2548 1303 2574 annales'Laurissenscs
1329 2547 1387 2573 (δ’δ’,
1413 2548 1434 2579 J,
1464 2549 1520 2579 186}
1549 2547 1671 2573 Carolnm
1698 2555 1778 2581 reqem

118 2597 181 2628 post
199 2594 266 2620 diem
284 2599 308 2621 4.
324 2595 403 2620 Iunii
421 2598 481 2620 800.
501 2602 513 2619 e
533 2594 690 2620 monasterio
711 2594 738 2620 S.
753 2594 871 2620 ,Martini
894 2593 1042 2618 Turonensi
1061 2601 1110 2625 per
1124 2592 1287 2617 Aurelianos
1306 2600 1336 2616 m·
1353 2591 1470 2616 Parisios
1489 2600 1650 2623 regressum,
1672 2592 1778 2624 Aquas-

120 2638 201 2672 grani
221 2646 360 2664 reversum
380 2647 445 2664 essc.
486 2638 579 2670 Itaque
602 2646 634 2663 ω·
651 2637 702 2662 hw-
719 2638 830 2671 epistola
850 2637 1032 2670 cofflioscimus
1050 2637 1138 2669 spatio
1157 2635 1259 2660 dierum
1279 2639 1369 2660 4-26.
1387 2635 1462 2659 Iunii
1481 2640 1539 2659 κου,
1561 2635 1701 2659 Alcrinzmz
1723 2643 1777 2659 una

120 2689 180 2706 cum
200 2688 255 2714 reye
270 2688 320 2714 per
338 2681 501 2707 Aurelianos
520 2684 543 2706 et
563 2680 682 2705 Parisios
694 2681 895 2713 Aquisyranum
909 2682 931 2704 et
944 2679 1043 2704 adiisse
1061 2681 1083 2703 et
1104 2678 1246 2711 reliquis-v..
1277 2678 1331 2703 Nee
1350 2677 1460 2702 dubium
1477 2680 1522 2707 est,
1542 2678 1604 2709 quin
1620 2678 1779 2710 colloquium

120 2724 346 2758 Aquisymrwnse,
365 2724 445 2750 cuius
465 2724 560 2749 mentio
578 2724 608 2754 sie
630 2723 713 2755 infra,
729 2726 869 2756 praesente
886 2731 942 2755 reye
962 2722 995 2747 ab
1015 2722 1128 2747 Alci-ino
1147 2730 1207 2746 cnm
1227 2721 1314 2746 Felice
1333 2721 1453 2753 episeopo
1477 2720 1640 2753 [fr-qellitano
1658 2721 1777 2746 habitum

120 2766 155 2792 sit
177 2767 234 2800 ipso
258 2767 342 2793 medio
360 2774 445 2792 men-se
466 2766 548 2792 lunio
566 2770 631 2798 80ος
653 2765 710 2792 ideo
732 2766 802 2799 quod
827 2767 934 2792 ineunte
957 2773 1031 2791 αηηο
1050 2768 1110 2791 800.
1131 2764 1275 2790 Ala-inum
1298 2772 1355 2789 cum
1382 2763 1466 2789 l<'elicc
1486 2763 1605 2789 nondum
1623 2765 1777 2790 collocutum

121 2810 207 2842 fuisse
221 2810 374 2843 perspicere
392 2810 448 2836 licet
467 2817 498 2835 ez:
517 2818 554 2842 ep.
572 2814 617 2835 164
637 2818 721 2842 snpra
737 2818 766 2843 p.
780 2813 833 2836 266.
853 2809 882 2835 J.
989 2809 1016 2841 3)
1036 2817 1052 2833 (ι
1071 2807 1234 2833 monasterio
1253 2807 1279 2833 S.
1293 2807 1414 2832 Amandi
1433 2806 1592 2832 Elnonensi.
