2089 3171
72 854 95 871 lu

70 1113 93 1130 15

68 1372 94 1390 20

69 1635 94 1654 25

69 2156 93 2175 ³5

68 2412 94 2430 ⁴0

689 165 797 192 PAULI
817 164 965 192 DIACONI
985 164 1194 192 EPISTOLAE.
1710 167 1742 195 5¹
1753 167 1770 194 5

930 290 976 319 14.

226 347 348 378 Paulus
363 347 541 387 (Diam-mus
549 348 580 385 ,9)
597 348 783 379 sacerdotem.
807 349 913 379 animo
936 349 1062 386 infirmo
1085 347 1121 377 de
1143 347 1339 386 inclementia.
1355 347 1567 386 desperantem
1585 347 1772 378 consolatur.

1530 410 1593 429 -ε,
1611 399 1682 429 799.

224 449 284 476 Coei.
302 450 455 476 Veronensis
467 451 577 484 capituli
595 451 713 477 XXIII.
733 453 785 481 (21)
805 451 852 482 fol.
868 454 998 477 112—116¹
1018 459 1037 475 s.
1053 449 1173 475 ΙΚ--ΧΔ
1193 452 1233 481 8⁰,
1253 458 1329 482 quem
1348 448 1482 481 descripsit
1508 449 1536 474 1'.
1559 449 1596 474 CI.
1611 448 1771 474 Miadonski.

122 494 162 520 De
180 493 267 520 codice
284 493 339 527 agit
362 493 549 524 Reifferscheid
568 494 695 520 Biblioth.
711 494 773 519 Ital.
791 494 812 526 Ι,
829 498 861 519 93
878 493 1004 520 (Wiener
1023 493 1198 526 Sdnmysber.
1216 492 1331 525 XLIX)
1340 498 1359 516 a>

219 582 429 606 HONORABILI
449 582 492 606 ET
511 582 642 607 SANCTO
656 583 736 606 VIRO
756 582 834 606 ILLO
853 581 1043 606 SACERDOTI
1062 579 1212 604 ΡΑΙΞΙᾸΪ.υ
1232 579 1380 603 MINIMUS
1400 580 1582 603 SERVORUM
1603 580 1668 603 DEI.

226 632 433 664 Venerabilis
457 633 542 664 abba
574 633 658 664 illeb.
691 633 742 674 qui
766 637 801 663 ut
826 633 966 674 comperi
995 632 1070 662 totis
1096 637 1126 662 te
1152 631 1331 662 visceribus
1361 630 1478 672 diligit.
1504 631 1671 672 angustias
1695 631 1772 661 mihi

122 689 198 717 tuae
216 685 360 716 caritatis
384 686 546 726 exposuit.
573 685 697 716 scilieet
722 685 805 726 quod
830 695 947 725 magno
973 695 1098 714 merore
1124 683 1245 724 pariter
1269 688 1324 714 aec
1348 693 1469 724 pavore
1496 683 1708 720 consumaris,
1733 693 1771 713 eo

122 737 206 779 quod
231 737 416 768 infirmitate
441 741 595 778 gravatus
620 747 656 767 ac
681 748 740 778 per
763 737 838 767 hoc.
864 740 898 766 ut
922 736 990 766 fieri
1016 735 1152 766 adsolet.
1177 739 1286 765 mente
1312 734 1490 764 diminutus
1516 734 1624 775 aliqua
1649 735 1771 765 incom-

121 793 270 831 petenter
294 793 326 820 et
351 789 446 819 saluti
472 789 632 820 contraria
657 789 757 820 verba
781 789 966 830 protuleris.
993 787 1223 828 quedrtamen.
1255 791 1289 816 ut
1313 786 1443 816 retulit.
1469 797 1542 816 mox
1568 785 1608 816 ad
1636 786 1770 825 integri-

123 845 224 873 tatem
254 841 371 872 mentis
401 851 551 872 reversus
580 840 753 871 emendare
783 841 912 870 curasti.
960 839 1002 870 Et
1034 839 1161 880 quidem
1194 839 1268 880 quia
1294 838 1333 868 de
1359 838 1413 868 tali
1438 838 1525 868 facto
1558 838 1772 879 penitentiam

120 895 223 935 geris,
255 893 337 924 bene
367 893 458 925 facis.
504 893 588 924 Nam
618 893 796 924 bonarume
824 893 979 923 mentium
1011 896 1060 921 est
1085 891 1128 921 ibi
1155 891 1252 921 etiam
1281 890 1408 931 culpam
1440 900 1530 919 suam
1563 900 1770 930 cognoscere.

120 946 175 977 ubi
199 945 294 987 eulpa
318 955 382 975 non
407 949 466 976 est.
515 944 667 976 Ceterum
693 946 776 986 quia.
802 945 860 975 hoc
887 945 978 986 quasi
1004 942 1261 974 inremisibiliter
1279 942 1464 983 deliqueris.
1492 942 1563 983 plus
1588 942 1672 972 iusto
1697 952 1770 972 con-

121 997 293 1028 tabescens
317 997 482 1038 affligeris.
508 997 718 1038 corrigendus
744 996 803 1027 ess.

229 1050 277 1080 Ae
307 1049 444 1091 primuni
480 1049 665 1079 intimamus
701 1049 826 1080 caritati
859 1053 947 1079 tuae.
980 1048 1053 1088 quia
1085 1047 1133 1077 sig
1164 1046 1256 1077 homo
1287 1051 1395 1076 mente
1421 1045 1581 1076 alienatus
1607 1044 1772 1086 delinquit.

121 1106 177 1132 aut
200 1101 322 1132 nullum
347 1101 476 1131 omnino
503 1104 558 1131 aut
587 1101 786 1131 levissimum
818 1100 878 1131 hoe
910 1110 1013 1141 genus
1039 1099 1163 1140 peccati
1189 1109 1268 1129 esse.
1318 1097 1426 1133 Quod.
1459 1108 1550 1138 rogo.
1584 1097 1627 1127 ibi
1657 1107 1773 1138 pecca-

120 1158 187 1185 tum
217 1163 289 1185 esse
318 1156 439 1194 potest.
469 1153 523 1183 ubi
558 1163 649 1183 mens
683 1152 757 1184 auth
782 1152 889 1183 delicti
927 1152 1057 1182 conscia
1091 1161 1152 1181 non
1190 1156 1253 1181 est.
1290 1155 1344 1181 aut
1379 1153 1523 1180 coactam
1561 1160 1595 1179 se
1628 1149 1774 1179 meminit

119 1206 303 1247 deliquisse.
365 1205 457 1236 Sola.
491 1204 568 1235 mihi
598 1205 710 1236 crede.
743 1205 859 1235 inentis
891 1203 1083 1234 deliberatio
1108 1206 1314 1244 peecatorem
1348 1202 1440 1232 facit.
1473 1201 1540 1231 sola
1571 1201 1686 1231 mentis
1717 1200 1773 1230 ad-

119 1258 236 1289 sensio.
301 1256 453 1288 Ceterum
486 1257 511 1287 si
546 1261 601 1287 aut
637 1257 806 1288 subitaneo
841 1257 958 1287 mentis
995 1257 1087 1297 lapsu
1124 1255 1341 1296 delinquimus
1377 1259 1432 1284 aut
1470 1254 1594 1284 ratione
1629 1252 1772 1283 eiusdem

119 1310 238 1341 mentis
276 1309 456 1351 intercepta
493 1319 666 1350 peccamus
705 1314 737 1339 et
774 1309 873 1340 cicius
912 1309 987 1339 hoc.
1028 1309 1058 1338 in
1099 1307 1176 1348 quoi
1213 1307 1306 1337 nobis
1347 1306 1526 1347 deliquisse
1559 1306 1617 1335 visi
1652 1316 1774 1336 sumus.

122 1362 333 1404 corregimus.
359 1362 510 1392 continuo
529 1362 655 1392 veniam
679 1372 910 1403 promeremur.
958 1360 1054 1391 Nulla
1080 1360 1175 1390 enim.
1200 1364 1235 1389 ut
1259 1363 1346 1400 puto.
1373 1362 1436 1388 tam
1463 1362 1575 1388 sancta
1600 1367 1690 1387 mens
1716 1362 1773 1388 est.

119 1424 215 1456 quam
239 1424 304 1445 non
320 1414 426 1455 impie
451 1418 483 1444 et
508 1414 637 1455 iniquae
660 1411 911 1454 suggestionesk
930 1412 1136 1453 aliquatenus
1155 1410 1370 1441 obnubilent¹.
1397 1410 1453 1440 sed
1478 1420 1565 1440 mox.
1590 1414 1625 1439 ut
1651 1409 1773 1439 disere-

119 1466 216 1498 tionis
246 1465 356 1497 radius
382 1476 455 1496 sese
481 1465 654 1506 obponitm,
685 1465 821 1507 depulso
852 1464 1031 1505 iniquitatis
1062 1463 1172 1493 nubilo
1205 1466 1348 1493 correcte
1378 1461 1476 1492 menti
1508 1461 1631 1491 iustitie
1663 1461 1771 1491 lumen

119 1518 213 1550 redit.
260 1517 342 1549 Inde
367 1522 417 1548 est
449 1517 534 1558 quod
564 1517 735 1559 psalmista
764 1517 920 1558 loquitur:
958 1515 1045 1546 ‘Dixi
1075 1515 1296 1556 pronunciabo
1329 1514 1484 1545 adversus
1516 1524 1566 1544 me
1599 1513 1772 1543 iniustitias

118 1581 208 1602 meas
235 1574 267 1601 et
292 1574 327 1601 tu
352 1570 504 1600 remisisti
531 1570 721 1611 inpietatem
754 1568 858 1599 cordis
890 1566 974 1598 mei'.
1023 1567 1140 1597 Audis.
1171 1567 1244 1608 quia
1275 1567 1426 1607 impietas
1458 1566 1487 1596 in
1521 1576 1574 1595 cor
1606 1565 1772 1595 hominum

123 1632 200 1665 sepe
229 1622 325 1653 venit.
374 1621 437 1652 Sed
469 1632 540 1652 cum
571 1626 663 1652 eamn
695 1621 829 1662 quisque
859 1620 1064 1650 discretionis
1096 1630 1191 1650 manu
1217 1630 1235 1649 a
1260 1618 1354 1649 corde
1388 1618 1519 1659 abigit0.
1552 1618 1640 1659 prius
1674 1618 1771 1648 etiam

121 1686 215 1718 quam
242 1686 277 1705 os
303 1674 343 1705 ad
369 1674 606 1705 confessionem
631 1674 765 1716 aperiet.
793 1673 900 1703 statim
927 1673 954 1702 ei
979 1673 1166 1713 fragilitatis
1193 1671 1332 1702 humane
1352 1671 1498 1711 cognitor
1516 1669 1771 1700 misericordiam

119 1727 276 1770 inpendit.
338 1726 372 1757 Si
408 1737 484 1768 ergo
517 1727 643 1767 integra
678 1731 708 1756 et
739 1735 815 1755 sana
847 1735 939 1755 mens
970 1735 1041 1755 cum
1071 1724 1133 1754 alio
1165 1723 1304 1754 intendit
1333 1722 1373 1752 ad
1408 1721 1568 1752 modicum
1604 1722 1771 1762 impietate

120 1780 251 1822 pulsata
282 1779 395 1811 etiam.
427 1782 599 1820 antequam
634 1778 828 1809 confiteatur
853 1781 977 1807 reatum
1008 1787 1114 1807 suum.
1151 1776 1275 1806 veniam
1308 1780 1460 1806 meretur.
1494 1784 1550 1804 eur
1580 1784 1642 1804 non
1674 1777 1707 1803 tu
1733 1772 1772 1803 de

122 1831 235 1862 venian
252 1841 431 1873 presumas.
458 1831 511 1872 qui
529 1830 713 1861 infirmitate
734 1829 910 1870 depressus
935 1833 967 1859 et
992 1829 1111 1859 amissa
1136 1829 1260 1858 ratione
1287 1827 1371 1868 quod
1398 1837 1461 1856 nou
1486 1826 1657 1868 oportebat
1683 1825 1771 1855 loeu-

122 1888 173 1914 tus
198 1886 254 1914 es?
280 1882 378 1914 Certe
402 1884 540 1914 maiores
565 1882 665 1913 nostri
690 1881 852 1912 dixerunt.
879 1881 963 1922 quod
989 1881 1015 1911 si
1040 1881 1128 1921 virgo
1148 1880 1291 1910 violento
1310 1879 1438 1909 tramite
1456 1884 1603 1920 stuprum
1621 1878 1771 1919 patiatur.

120 1935 194 1966 dum
213 1945 304 1966 mens
327 1936 359 1966 in
376 1935 598 1976 inquinatione
617 1934 722 1965 earnis
740 1933 958 1963 adsentanea‘¹
974 1943 1037 1963 non
1064 1933 1114 1963 sit.
1140 1931 1336 1973 integritatis
1355 1932 1472 1961 bonum
1499 1931 1597 1960 etiarn
1623 1934 1772 1970 corrupto

119 1997 254 2030 corpore
277 1998 346 2018 non
371 1987 500 2018 amittit.
548 1987 596 2017 Tu
621 1987 720 2027 igitur
744 1985 783 2015 de
810 1985 905 2015 venia
931 1984 1004 2026 quid
1031 1984 1162 2015 titubas.
1189 1984 1242 2025 qui
1260 1983 1421 2014 violentas
1446 1987 1477 2013 et
1502 1982 1644 2012 alienata
1663 1986 1770 2012 mente

119 2039 309 2081 deliquisti?
349 2039 446 2070 Certe
464 2038 555 2069 multi
575 2037 752 2079 cupiditate
778 2037 912 2077 pecunie
937 2040 991 2066 aut
1016 2035 1174 2066 honorum
1193 2035 1423 2077 temporalium
1448 2044 1556 2064 amore
1582 2034 1691 2064 inlecti
1718 2037 1771 2063 aut

119 2092 217 2123 etiam
248 2092 364 2122 timore
397 2091 560 2133 perterriti
591 2090 697 2120 Deum
730 2099 868 2129 negasse
903 2088 1098 2119 referuntur.
1158 2087 1199 2118 Et
1233 2092 1341 2117 tamen
1378 2096 1472 2116 nemo
1509 2086 1581 2116 illos
1618 2095 1768 2126 umquam

122 2148 340 2175 revertentes⁸
364 2143 404 2174 ad
429 2143 525 2174 fidem
552 2141 720 2183 reppulit¹.
753 2140 808 2171 sed
834 2141 937 2181 magis
963 2151 1021 2181 per
1050 2141 1191 2170 lamenta
1217 2139 1395 2181 penitentie
1429 2139 1509 2168 iutra
1537 2138 1672 2174 ecclesie
1697 2142 1770 2167 sunt

120 2197 279 2238 gremium
315 2196 448 2237 recepti.
503 2195 536 2226 Si
570 2195 679 2235 itaque
712 2198 826 2234 sponte
864 2192 1090 2234 delinquentes
1123 2196 1155 2223 et
1191 2192 1287 2232 longa
1322 2190 1558 2221 deliberatione
1594 2189 1770 2220 seducente

121 2247 299 2290 eupiditate
324 2248 356 2278 in
381 2247 558 2289 impietatis
591 2246 754 2277 baratrum
786 2246 911 2287 delapsi
938 2247 1064 2277 veniam
1097 2250 1269 2276 merentur.
1300 2255 1356 2274 cur
1381 2254 1441 2274 nou
1469 2243 1574 2284 potius
1599 2242 1769 2284 indulgen—

120 2301 196 2331 tiam
225 2304 259 2330 tu
290 2300 461 2332 merearis,
493 2299 545 2340 qui
577 2299 665 2329 nulla
691 2298 869 2340 cupiditate
901 2298 1098 2330 divitiarum.
1130 2297 1218 2328 nulla
1247 2296 1447 2327 sublimitate
1474 2295 1646 2327 honorum.
1684 2294 1772 2324 nulla

121 2351 357 2383 deliberatione
384 2355 497 2387 ,tecum
529 2351 652 2384 habita.
688 2354 794 2381 mente
825 2351 970 2382 febribus
1002 2351 1144 2381 alienata
1168 2350 1219 2380 vel
1246 2360 1262 2379 a
1288 2348 1430 2389 maligno
1465 2348 1556 2378 hoste
1587 2346 1714 2388 inpulsa
1741 2351 1772 2376 et

122 2407 251 2441 coacta,
282 2403 387 2434 subito
420 2403 506 2434 male
531 2402 690 2444 loquendo
723 2402 886 2444 deliquisti
912 2408 944 2433 et
969 2406 1076 2433 tamen
1103 2403 1134 2432 in
1159 2402 1228 2443 ipso
1252 2401 1318 2431 ictu
1344 2401 1373 2430 in
1400 2406 1430 2430 te
1456 2399 1584 2429 rediens
1611 2409 1686 2428 mox
1711 2408 1772 2439 quc

224 2516 263 2541 14.
300 2517 322 2547 ⁸)
342 2516 460 2541 Lemma:
486 2516 630 2548 Epistola
655 2516 857 2547 temporibus
883 2516 990 2540 Caroli
1015 2516 1102 2547 regis
1124 2515 1305 2547 nninposita
1328 2515 1353 2538 (Ι.
1428 2512 1451 2533 b,
1476 2522 1489 2536 c
1509 2513 1533 2535 in
1556 2516 1771 2543 7·‹1s.nzc1n.l›osl.

119 2570 186 2586 corr.
199 2561 207 2584 i
221 2560 247 2584 C.
328 2559 351 2591 ο)
370 2560 419 2584 hac
438 2568 504 2584 corr.
521 2560 547 2583 in
565 2568 594 2584 ac
617 2560 641 2583 C.
713 2557 733 2589 dt
757 2567 806 2590 que
826 2568 857 2582 111,
872 2563 938 2590 post.
954 2568 1019 2583 corr.
1036 2567 1087 2589 quq
1109 2560 1133 2582 Γ.
1206 2562 1228 2581 ‘i
1248 2559 1372 2582 bonorum
1395 2567 1424 2580 111.
1437 2561 1492 2588 pos-r
1516 2564 1582 2579 ιύι-ν.
1602 2556 1724 2579 bonarum
1746 2554 1772 2579 (ζ’.

119 2603 139 2635 ¹¹)
158 2608 197 2628 est
215 2612 281 2628 corr.
295 2611 322 2628 es
336 2603 362 2627 C.
421 2602 446 2633 8)
462 2604 527 2627 sieut
541 2607 585 2627 cut
598 2610 671 2625 eraso
687 2602 713 2625 ζ’.
768 2600 792 2632 ¹¹)
810 2602 910 2633 punctis
928 2610 1007 2632 supra
1023 2601 1113 2633 positis
1128 2610 1182 2632 exp.
1197 2607 1240 2625 aui
1262 2610 1293 2624 111.
1308 2609 1357 2624 τω.
1372 2600 1398 2624 (¹.
1453 2598 1470 2623 *l
1491 2608 1540 2630 quc
1559 2607 1625 2622 corr.
1638 2599 1663 2622 1’1ι
1684 2606 1735 2629 quo
1746 2598 1772 2622 G.

120 2645 146 2677 k)
159 2648 199 2680 pie
212 2651 238 2671 et
251 2647 337 2678 iniqua
351 2647 524 2679 suggestionis
538 2646 562 2669 C.
618 2644 636 2677 ¹)
657 2645 703 2669 11οο
718 2645 798 2669 nubil.
811 2654 880 2669 wan.
895 2654 942 2669 ree.
957 2654 1022 2669 vorr.
1038 2646 1132 2669 obnub.
1146 2646 1171 2668 (ἰ
1220 2644 1251 2674 ἠ)
1272 2645 1318 2667 lion
1332 2652 1388 2676 pun.
1405 2652 1472 2666 niun.
1486 2650 1534 2666 rec.
1549 2650 1615 2665 rorr.
1630 2641 1734 2673 obponit
1747 2643 1773 2665 (¹.

121 2690 145 2721 ιἱ)
159 2698 189 2715 ea
203 2698 270 2714 corr.
284 2698 339 2714 eam
354 2698 384 2714 111,
396 2694 461 2720 post.
474 2689 501 2713 (J.
562 2692 586 2710 0·
600 2689 705 2720 ambigit
719 2697 786 2712 corr.
800 2689 824 2711 in
845 2689 924 2719 abigit
939 2690 962 2712 Γ,
1030 2690 1054 2715 P)
1074 2689 1173 2712 venium
1195 2697 1217 2712 111
1237 2696 1310 2711 erasa
1332 2689 1357 2710 Γ,
1413 2691 1424 2707 ‘l
1456 2686 1607 2710 :ulsinmueo
1627 2693 1694 2708 man.
1709 2690 1772 2715 post.

121 2742 188 2758 corr.
201 2733 358 2758 adsentanea
375 2732 399 2757 C.
472 2737 491 2754 ri,
512 2733 544 2757 ad
564 2732 685 2756 violentia
704 2740 735 2755 m.
747 2736 810 2763 post.
826 2740 892 2755 corr.
907 2732 1018 2756 violenta
1034 2732 1060 2756 ζ’,
1133 2732 1152 2762 >“)
1173 2736 1302 2756 revertens
1324 2732 1350 2754 (l
1422 2732 1441 2746 ¹=
1462 2738 1512 2761 rep.
1527 2738 1593 2752 corr.
1608 2736 1678 2760 rcpp.
1695 2729 1720 2753 ζ’.

226 2785 250 2816 l)
270 2783 341 2809 Num
355 2783 396 2808 Ι11ἐ
411 2783 516 2808 Paulus
530 2785 616 2807 noster
630 2781 770 2807 Diaconus
788 2782 819 2806 si!
838 2790 873 2807 an
895 2782 965 2806 alius
977 2781 1095 2813 qnidam,
1113 2781 1160 2813 qni
1180 2780 1264 2806 codam
1285 2781 1338 2812 sere
1357 2783 1471 2812 tempore
1489 2778 1567 2811 deaii,
1586 2778 1700 2804 discerni
1720 2786 1771 2803 non

118 2829 212 2862 potest,
231 2827 265 2859 ef.
281 2826 434 2852 Betltnmmr
458 2827 485 2851 in
504 2825 604 2852 Archiv·
620 2825 688 2857 XII,
703 2828 755 2851 659.

1519 2866 1566 2892 ⁶352*

1783 295 1853 314 ——e.
1869 286 1929 316 799

1785 1520 1861 1544 Passl,
1873 1524 1891 1542 5.
