2089 3171
57 727 79 744 1⁰

56 985 79 1003 1⁵

52 1244 78 1262 ‘2⁰

55 1503 79 1522 25

53 1764 78 1782 ³0

54 2023 78 2042 ³5

54 2284 79 2302 40

53 2542 77 2560 ⁴5

606 163 755 188 PAULINI
777 163 1026 194 AQUILEIENSIS‘
1048 164 1251 191 EPISTOLAE.
1695 168 1756 196 519

108 253 246 289 pergunt
271 249 311 279 ad
337 249 421 280 bella
447 250 634 281 doctissimi.
682 250 755 281 Scio
788 250 899 280 horum
931 251 1090 291 quendam
1116 252 1198 282 inter
1228 253 1360 293 triginta
1397 253 1572 283 nobiliores·
1603 258 1633 282 et
1659 263 1756 294 super

107 301 239 342 triginta
264 302 563 333 nominatissimum.
588 306 619 333 et
644 302 741 333 alium
767 303 849 332 inter
873 306 938 333 tres
963 303 1192 334 celeberrimos
1218 308 1249 335 et
1275 315 1370 346 super
1395 312 1459 335 tres
1484 304 1670 345 principem.
1699 304 1755 335 sed

109 356 141 382 ct
164 353 245 383 alios
271 358 334 383 tres
358 354 477 394 primos
503 354 711 385 fortissimos.
741 364 874 394 quorum
901 354 1102 385 vibrantibus
1128 356 1206 386 astis
1231 356 1459 397 alophilorum.
1490 356 1573 387 idest
1598 357 1755 397 maligno—

108 414 192 439 rum.
218 404 388 445 spirituum
419 405 488 435 sive
521 404 748 436 hereticorum.
785 405 1036 446 sanguinulenta
1067 410 1174 446 strage
1211 407 1284 437 hinc
1321 407 1395 438 inde
1432 408 1561 438 reiectis
1597 408 1755 438 ecclesiae

109 455 270 490 hostibus,
304 460 455 498 poterunt
485 462 590 487 castra
620 457 721 488 relidi.
769 457 823 487 Hii
854 467 993 497 namque
1027 458 1194 489 fortissimi
1220 464 1397 489 castrorum
1427 460 1604 500 principes.
1637 459 1694 490 sed
1725 464 1754 490 et

106 507 344 549 prudentissimi
370 508 548 539 dominicae
575 510 688 540 vineae
714 509 866 539 cultores.
893 509 977 539 nolo.
1005 519 1054 539 me
1080 510 1154 540 totis
1180 510 1300 541 viribus
1325 511 1546 552 insequantur.
1580 511 1636 541 sed
1661 511 1754 541 dissi-

107 560 267 590 mulantes
293 560 481 590 meritorum
500 561 655 602 culpam³.
675 561 896 602 indulgentiae
915 561 991 591 mihi
1010 561 1179 592 venialiter
1203 563 1369 603 porrigant
1392 574 1531 593 manum.
1573 562 1644 593 Non
1671 563 1756 593 enim

110 612 218 652 magni
244 615 293 642 est
319 613 493 653 praeconii.
518 623 578 643 nec
596 612 791 643 iudicabitur
809 613 950 653 palmata
977 614 1097 653 tyronis
1123 613 1162 643 de
1189 614 1352 655 triumpho
1371 626 1501 645 corona.
1528 615 1552 644 si
1579 614 1616 644 dc
1642 614 1756 645 inermi

106 664 204 694 fuerit
228 664 388 694 ruriculac
414 665 574 705 sanguine
600 664 786 695 rubicunda.

210 715 312 746 Porro
342 716 369 746 si
397 720 561 757 gyganteo
587 726 682 757 super
706 726 756 746 me
781 716 903 757 impetu
928 720 1083 746 conantur
1115 717 1314 758 inrumpere,
1342 717 1493 748 obsecro.
1520 730 1536 747 o
1562 717 1756 748 venerabilis

106 767 269 809 princeps,
301 767 473 809 exemplob
497 769 560 798 mei
589 778 686 798 causa
711 768 842 809 pietatis
867 767 953 798 alasc
977 779 1040 799 non
1066 779 1120 799 vos
1146 769 1253 810 pigeat
1278 769 1341 799 late
1372 770 1572 810 sparsimque
1602 769 1756 800 diffusasC

107 818 302 850 extendere.
333 830 369 850 ac
394 819 475 861 perd
499 820 560 850 hoc
584 820 731 861 obposito
763 819 970 860 benignitatis
997 824 1104 851 scuto.
1135 822 1402 862 praeparatisque
1429 821 1562 862 spiculis
1587 821 1755 852 labiorum.

106 880 145 901 ne
181 870 312 911 patiaris
342 881 392 901 me
423 870 462 901 ab
492 871 541 901 his
570 871 721 902 violentis
753 871 835 902 ultro
869 871 1012 902 calcibus
1043 872 1227 903 insule-arie.
1281 872 1375 908 Quod
1400 873 1426 903 si
1452 873 1611 914 quispiam
1644 873 1755 903 horum

105 921 304 952 Herculeam
330 921 502 965 clava[m]f
524 923 657 953 robusto
683 934 717 953 se
743 923 866 953 iactans
902 928 1030 964 gestare
1055 923 1114 954 sub
1139 924 1289 955 humero.
1320 930 1351 955 et
1375 924 1585 966 pedetemtim
1612 926 1756 955 veniens.

108 974 176 1004 sive
209 974 356 1005 clanculo
389 975 456 1006 sive
488 976 518 1005 in
549 975 734 1016 propatulo.
770 975 903 1016 inprobe
938 975 1052 1016 capitis
1085 976 1148 1006 mei
1180 975 1320 1006 vibranti
1352 977 1493 1007 innierso
1527 977 1591 1007 ictu
1620 976 1755 1007 inlidere

105 1026 274 1056 cerebrum
306 1027 518 1064 connitaturg.
549 1033 710 1068 quatenus
741 1027 938 1058 inflammata
972 1027 1177 1058 cavillatione
1208 1038 1278 1058 cum
1313 1029 1379 1058 suis
1409 1028 1571 1059 adseculis
1597 1029 1755 1069 spumosis

104 1077 210 1108 infuso
230 1070 339 1109 ⁴salibo
363 1078 529 1109 dentibus.
561 1079 670 1110 alacer
700 1079 795 1109 huius
827 1080 972 1109 facturae
999 1079 1177 1109 conlisione
1202 1081 1383 1120 procaciter
1409 1081 1553 1122 coeperit
1578 1080 1755 1121 incrispare

105 1130 288 1162 cacinnum:
324 1130 483 1161 mittatur.
519 1141 653 1172 quaeso7
686 1131 832 1172 protinus
865 1131 905 1161 ad
931 1141 1003 1161 eum
1035 1141 1161 1161 summa
1191 1133 1405 1173 pernicitateh
1430 1143 1643 1174 praecurrens
1668 1132 1754 1163 Ban-

105 1182 193 1213 naias
219 1173 309 1213 ¹filius
333 1181 479 1214 Ioiadae.
505 1184 698 1214 secretarius
724 1183 859 1214 Davidis
884 1183 1048 1214 auriculae
1074 1184 1104 1213 in
1130 1183 1236 1225 virga.
1263 1185 1316 1225 qui
1341 1184 1387 1214 vi*
1412 1192 1605 1225 extorqueat
1630 1186 1754 1215 clavam

106 1233 145 1264 de
176 1244 272 1265 manu
301 1235 387 1265 eius.
423 1235 479 1265 sed
508 1246 571 1266 non
603 1235 642 1266 ad
673 1246 880 1277 suppremam
911 1235 1041 1265 fatalem
1080 1246 1170 1266 suam
1205 1237 1395 1277 perniciem.
1431 1236 1605 1276 quocircak
1639 1237 1755 1267 amissa

104 1286 228 1317 roboris
251 1286 369 1317 fiducia
393 1288 541 1318 societur.
568 1288 643 1329 quin
668 1288 764 1318 immo
790 1287 992 1317 membratim
1019 1287 1119 1317 tribus
1138 1288 1188 1318 vel
1214 1289 1347 1329 triginta
1372 1288 1554 1318 fortissimis
1574 1288 1648 1318 viris
1674 1289 1754 1319 cari-

104 1339 180 1370 tatis
203 1339 330 1370 vinculo
355 1344 387 1370 et
411 1340 600 1371 humilitatis
625 1340 738 1371 ansula
764 1340 945 1381 religaturl.

208 1390 461 1423 Verumtamen.
497 1392 579 1422 sicut
605 1402 701 1433 supra
726 1392 883 1422 exorabili
909 1392 973 1422 stili
998 1402 1077 1423 voce
1104 1392 1332 1433 praetulimus.
1358 1391 1419 1422 Dei
1444 1392 1673 1433 omnipotentis
1698 1392 1755 1423 de-

107 1442 183 1473 victi
207 1453 318 1474 amore
344 1448 375 1474 et
400 1448 532 1474 sanctae
556 1445 668 1474 matris
694 1448 821 1474 vestrae
853 1444 1014 1478 ecclesiae
1045 1444 1221 1485 profectum
1245 1443 1427 1485 decoreque
1460 1444 1632 1485 compulsi.
1665 1445 1753 1485 quic-

109 1493 183 1534 quid
208 1494 299 1525 vobis
325 1495 483 1537 placuerit
508 1496 558 1526 vel
584 1495 797 1538 displicuerit.
825 1503 879 1526 aut
904 1497 929 1526 si
955 1497 1084 1526 omnino
1109 1496 1152 1526 nil
1177 1496 1310 1537 dignum
1335 1496 1508 1527 duxeritis.
1535 1497 1636 1527 sacris
1663 1497 1755 1528 nobis

106 1546 220 1576 vestris
254 1547 363 1578 iubete
399 1548 532 1589 syllabis
564 1548 800 1589 significantius
830 1548 1013 1589 propalare.
1073 1548 1142 1579 Nec
1172 1548 1231 1578 hoc
1267 1548 1519 1589 praetereundo.
1559 1549 1615 1579 sed
1653 1549 1754 1589 magis

106 1598 325 1629 necessarium
350 1610 407 1640 per
431 1601 538 1630 omnia
567 1600 648 1630 scire
676 1604 802 1630 vestrae
835 1600 1005 1630 maluimus
1037 1601 1230 1631 sinceritatis
1264 1602 1566 1632 mansuetudinem.
1604 1602 1755 1642 quoniam

105 1649 200 1680 huius
233 1655 353 1682 statuta
385 1653 528 1684 concilii.
554 1663 616 1683 non
642 1653 732 1693 quasi
757 1653 940 1693 generalia.
965 1652 1021 1683 sed
1048 1653 1162 1683 localia
1188 1653 1238 1683 vel
1263 1654 1360 1683 etiam
1387 1654 1555 1695 specialia.
1587 1664 1658 1684 cum
1683 1664 1754 1695 pro-

105 1701 297 1734 vincialibus
322 1703 414 1734 istius
441 1704 526 1735 sedis
553 1705 845 1745 consentaneisque
872 1705 1034 1746 episcopis
1060 1715 1198 1746 aequum
1226 1710 1394 1746 ratumque
1412 1706 1640 1747 prospeximus
1666 1705 1754 1735 dele-

105 1764 197 1794 gare,
231 1755 255 1785 si
286 1759 394 1786 tamen
420 1759 525 1786 vestra
552 1759 796 1797 vestrorumque
826 1755 968 1786 fidelium
1000 1757 1119 1787 fuerint
1144 1758 1337 1788 auctoritate
1363 1757 1573 1799 probabiliter
1598 1758 1755 1788 roborata.

105 1806 157 1836 vel
188 1807 215 1837 si
247 1808 403 1838 curvatim
434 1808 557 1838 inclusa
588 1808 669 1838 infra
704 1807 858 1838 circulum
891 1809 1082 1843 resecantis,
1102 1809 1192 1839 falcis
1223 1816 1350 1840 vestrae
1382 1810 1535 1840 nonnulla
1571 1810 1620 1840 vel
1658 1810 1754 1840 etiam

105 1868 200 1899 quam
231 1859 371 1900 plurima
404 1860 507 1890 inlesa
534 1860 672 1890 valuerit
702 1860 878 1900 effugereu.
912 1866 943 1890 et
968 1860 1007 1891 ad
1032 1869 1163 1891 nostrae
1195 1861 1389 1902 quandoque
1419 1862 1611 1892 humilitatis
1643 1872 1755 1892 manus

105 1920 262 1952 prospera
279 1911 477 1942 iucunditate
497 1911 682 1952 celebrique
701 1912 887 1952 praecincta
906 1912 1049 1943 laetitiae
1068 1913 1177 1943 favore
1202 1913 1267 1943 leta
1293 1914 1410 1944 reverti
1428 1914 1620 1945 meruerint.
1651 1913 1755 1944 indul-

106 1962 236 2002 gentiae
272 1967 400 1994 vestrae
430 1968 620 2004 praenotata
650 1964 800 2004 stigmate
829 1964 1031 1995 venerando.
1071 1975 1134 1995 non
1169 1965 1298 2006 quidem
1334 1974 1478 1996 vetamus
1509 1967 1559 1996 cui
1593 1966 1756 1999 libuerint.

108 2013 165 2045 sed
189 2025 249 2045 nec
274 2019 466 2046 coartamus.
494 2016 544 2046 cui
568 2015 801 2057 displicuerint.
829 2016 930 2056 gratis
955 2020 1064 2046 tamen
1090 2017 1215 2047 cunctis
1240 2017 1349 2048 oblata
1374 2018 1404 2048 in
1430 2018 1562 2048 arbitrio
1581 2017 1756 2060 respuendi

106 2066 158 2097 vel
182 2067 397 2109 amplectendi
416 2067 626 2109 relinquimus
643 2068 827 2108 unicuique.
868 2067 940 2098 Non
966 2068 1051 2098 enim
1076 2068 1274 2099 fastidientis
1302 2069 1333 2099 in
1359 2074 1469 2111 guttur
1494 2070 1577 2100 ultro
1603 2071 1755 2111 inmergi-

105 2129 176 2150 mus
208 2119 302 2150 huius
336 2119 592 2151 sorbitiunculae
625 2120 777 2161 scyphos.
813 2119 870 2150 scd
904 2130 963 2150 nec
996 2119 1090 2151 avide
1126 2120 1266 2152 hiantis⁰
1295 2122 1407 2162 patula
1440 2122 1555 2163 raptim
1587 2121 1626 2152 (le
1663 2122 1755 2153 fauce

105 2170 238 2212 cyathos
269 2171 489 2202 subtrahimus
522 2172 636 2213 plenos
665 2171 704 2202 de
737 2183 808 2202 rore
842 2172 927 2203 Liei.
966 2173 1113 2214 exceptis
1142 2173 1192 2203 his
1222 2174 1386 2204 nimirum.
1420 2174 1536 2216 quibus
1566 2174 1627 2204 oris
1657 2175 1756 2204 nostri

105 2222 210 2254 officio
241 2228 421 2266 opportune
448 2229 480 2255 et
504 2225 689 2266 importune
715 2234 756 2255 ex
781 2224 891 2255 debito
924 2229 997 2255 sunt
1032 2225 1183 2256 flaventia
1215 2226 1351 2267 pocula*¹
1377 2226 1479 2256 modis
1509 2226 1657 2257 omnibus
1683 2237 1755 2267 pro-

106 2275 256 2316 pinanda.

208 2327 259 2358 De
286 2328 507 2359 sacerdotibus
532 2333 638 2359 autem
665 2329 768 2370 plagis
793 2329 941 2370 inpositis
967 2329 1131 2370 semisque
1149 2330 1231 2360 vivis
1250 2330 1380 2360 relictis.
1408 2330 1458 2360 vel
1483 2336 1569 2361 certe
1595 2330 1756 2360 diabolico

105 2379 308 2411 fervescente
341 2380 447 2411 furore
472 2391 529 2422 per
554 2381 621 2410 eius
648 2381 806 2411 satellites
836 2381 1048 2422 interemptis.
1074 2392 1139 2411 non
1164 2392 1286 2412 meum.
1319 2382 1375 2412 sed
1402 2386 1528 2412 vestrae
1559 2382 1756 2412 definitionis

106 2432 167 2462 erit
195 2431 360 2463 iudicium.
413 2433 448 2463 ln
479 2439 606 2464 vestrae
637 2433 745 2474 itaque
780 2433 952 2474 potestatis
983 2433 1170 2464 altitudine.
1203 2434 1233 2463 in
1268 2433 1403 2474 quodam
1436 2433 1575 2464 iudiciali
1606 2434 1713 2464 libello
1739 2446 1755 2464 a

108 2485 228 2515 sanctis
253 2485 329 2515 olim
354 2484 498 2526 patribus
531 2484 704 2515 salubriter
734 2485 916 2526 praelibato
927 2490 940 2507 ‘1
969 2485 1086 2526 legisse
1112 2497 1162 2516 me
1188 2486 1294 2517 recolo
1320 2492 1530 2517 reservatum.
1579 2487 1628 2517 Ob
1662 2498 1756 2528 quam

110 2535 207 2575 igitur
237 2546 368 2567 causam
400 2536 479 2566 hacc
509 2536 661 2573 fecerint.
693 2536 826 2567 vestrislr
856 2537 974 2567 certius
1005 2537 1070 2567 scio
1102 2533 1230 2568 oinnino
1262 2548 1324 2568 non
1356 2539 1490 2570 latuisse
1520 2550 1624 2580 neque
1657 2540 1757 2570 latere

208 2686 232 2713 ει)
252 2684 329 2716 culpa
346 2684 372 2708 V.
443 2683 468 2707 b,
488 2693 523 2708 (ιη
542 2685 669 2717 extemplo
689 2685 716 2709 id
734 2689 769 2710 est
786 2685 884 2709 subito?
911 2685 996 2709 Madr.
1071 2690 1092 2709 (Ἴ
1113 2686 1152 2709 ala
1175 2705 1178 2709 .
1201 2705 1204 2709 .
1227 2687 1319 2710 diffusa
1338 2686 1363 2710 Γ.
1441 2685 1465 2711 ‘ll
1486 2696 1529 2718 pro
1548 2686 1607 2710 Bal.
1680 2691 1701 2712 e,
1722 2688 1757 2711 iu—

105 2728 206 2753 culcare
222 2727 250 2752 V.
324 2727 344 2755 s)
359 2728 434 2752 clava
452 2728 476 2751 V.
557 2728 581 2759 S)
595 2729 743 2753 coniceatur
766 2729 790 2752 Γ.
862 2728 887 2753 Μ’)
908 2729 1083 2761 pernicitatem
1103 2729 1128 2752 V.
1201 2728 1217 2751 ἢ
1234 2730 1283 2753 vini
1298 2729 1330 2755 V.-
1350 2730 1403 2753 viro
1425 2730 1480 2753 Hal,
1553 2729 1578 2751 kl
1593 2730 1712 2761 quot-iro«,
1732 2730 1755 2754 V,

106 2769 125 2800 ι)
145 2771 269 2803 religatus
289 2771 319 2799 V,·
339 2771 461 2803 religatur
483 2771 539 2794 Bal.
613 2772 645 2799 ΗΓ)
666 2774 776 2803 profecto
795 2771 821 2796 V.
893 2776 917 2796 ¹¹³
938 2773 1045 2803 effugii-e
1063 2772 1085 2795 Γ.
1158 2777 1179 2801 ⁰)
1194 2773 1306 2804 ymautis
1327 2772 1355 2796 V:
1375 2773 1504 2797 humantis
1524 2772 1584 2797 Bal.
1656 2776 1678 2801 1¹)
1699 2782 1756 2805 pop-

105 2814 163 2838 culu
180 2813 206 2838 V.
278 2815 303 2845 (Ι)
324 2815 464 2847 praelibato
485 2814 508 2838 Γ.
584 2815 605 2843 ¹)
627 2816 678 2839 uris
697 2815 722 2839 V.

1791 253 1846 281 791

1767 302 1785 318 ·.·.
1796 299 1850 322 Reg.
1862 300 1893 318 23.
1910 300 1944 318 2¹3.

1766 1192 1794 1212 ih.
1807 1196 1838 1213 23.
1855 1195 1938 1214 20—-23,
