2089 3171
449 179 594 206 CLAUDII
615 179 861 206 TAURINENSIS
882 180 1041 207 EPISCOPI
1062 181 1270 207 EPISTOLAE.
1310 182 1348 208 u).
1371 183 1408 208 11.
1691 184 1753 214 609

210 266 251 297 Et
276 266 350 297 dum
376 267 564 308 questiones
590 272 660 298 tuas
686 268 716 297 in
744 266 891 297 manibus
916 268 996 298 meis
1022 272 1176 299 tenerem.
1203 269 1300 299 finitis
1326 269 1387 299 iam
1407 268 1625 310 superioribus
1653 269 1752 299 libris.
1786 271 1955 300 'sas-826

106 322 140 349 ut
158 318 384 360 respondendo
402 319 523 360 aliquid
542 319 660 350 exinde
684 319 910 361 scriptitarem.
936 319 1086 360 pervenit
1108 319 1147 350 ad
1172 330 1286 350 manus
1312 330 1401 351 meas
1428 321 1567 362 epistola
1591 331 1630 351 ex
1650 321 1752 362 Aquis

108 370 196 411 regio
222 370 345 401 directa
369 371 504 412 palatio.
529 371 668 412 qualiter
692 375 726 401 tu
751 370 866 401 librum
892 373 1049 401 tractatus
1074 372 1152 402 mei.
1185 382 1280 413 quem
1305 372 1363 402 tibi
1389 376 1463 403 ante
1487 371 1653 403 biennium
1679 384 1751 414 pre-

106 422 188 460 stiti,
223 422 255 453 in
282 423 425 464 epistolis
449 423 489 453 ad
515 422 713 457 Corinthios,
744 422 883 453 iudicio³
907 423 1130 464 episcoporum
1161 428 1258 464 atque
1288 424 1479 465 optimatum
1511 423 1752 465 dampnandum

69 487 79 504 ,ε
109 473 147 504 ad
179 473 342 505 eundemb
371 475 434 505 iam
467 474 585 505 dictum
616 475 772 516 palatium
805 475 987 516 presentari
1016 476 1146 507 feceris.
1204 475 1306 511 Quem
1338 480 1509 507 tractatum
1540 477 1659 508 ibidem
1690 488 1752 508 non

57 745 80 763 10

55 2064 81 2083 30

56 2428 81 2448 35

107 525 363 567 dampnandum,
396 525 453 557 sed
484 526 689 557 scribendum
719 527 811 557 amici
840 527 903 558 mei
928 537 991 558 non
1017 527 1120 557 solum
1151 528 1323 562 humiliter,
1355 528 1410 559 sed
1443 529 1539 559 etiam
1569 529 1754 560 amabiliter

107 581 329 619 susceperunt.
377 578 530 619 Ignoscat
562 579 620 609 tibi
645 578 821 611 Dominus.
855 579 949 609 testis
979 579 1065 609 vitae
1096 589 1188 610 meae
1221 582 1253 610 et
1282 579 1416 620 largitor
1446 581 1554 622 operis
1586 582 1665 612 mei.
1699 582 1752 622 qui

105 639 169 659 non
200 629 335 660 timuisti
366 630 570 661 sermonibus
603 630 773 661 detrahere
798 630 942 661 veritatis
968 633 1000 661 et
1025 629 1143 661 sedens
1172 630 1345 662 adversum
1377 642 1428 662 me
1453 632 1594 674 loqueris
1619 632 1752 663 menda·
1764 646 1881 667 crinas.
1898 648 1929 666 ευ.

106 681 189 712 cium
214 686 247 712 et
270 681 427 713 adversus
452 682 552 713 filium
577 683 688 713 matris
712 682 915 713 aecclesiaec
936 682 1071 724 posuisti
1098 681 1297 714 scandalum.
1324 688 1525 725 mortemque
1550 695 1645 725 quam
1664 684 1878 722 Uza‘12,neg,⁶,
1893 700 1911 718 τ.

108 743 165 775 pro
190 733 303 765 illicita
328 735 587 776 presumptionee
611 734 744 777 pertulit
770 735 800 765 in
826 744 975 776 corpore,
1002 734 1028 765 si
1052 734 1096 765 ita
1123 739 1186 767 est.
1211 735 1262 765 tus
1284 735 1421 766 vivens&
1445 739 1554 777 gestas
1580 737 1610 766 in
1636 741 1752 767 mente.

1899 864 1914 885 ο

910 962 918 990 l
932 962 940 989 l
951 983 956 990 .

215 1019 368 1051 Claudius
391 1020 550 1059 episc-opas
575 1020 786 1051 Taurincnsis
813 1020 849 1050 (lc
878 1020 1031 1051 mcdorwn
1059 1019 1216 1050 homimem
1242 1020 1509 1060 persecutionibus
1537 1025 1662 1060 quastus
1687 1026 1755 1061 pasl

106 1070 351 1102 Pvntaleuclmm
374 1071 417 1102 (nl
439 1071 534 1102 libros
559 1072 632 1103 lesu
656 1072 746 1103 Nare
769 1075 795 1102 cl
820 1072 963 1103 Italicum
986 1071 1182 1111 exponendos
1205 1072 1329 1102 accedit.
1488 1074 1667 1104 1525—820'.

211 1131 272 1157 Cal.
288 1131 435 1157 Parisinus
454 1134 516 1158 2391
534 1132 716 1159 (Colbertimcs
733 1136 808 1165 54211,
830 1132 932 1165 Regius
950 1136 1028 1165 4061)
1046 1140 1111 1157 saec.
1128 1131 1200 1157 XII.
1213 1132 1260 1163 fol.
1276 1137 1296 1158 1.
1313 1136 1360 1164 70¹,
1379 1132 1458 1159 deser.
1474 1133 1508 1159 H.
1524 1133 1645 1167 Lebiyzcc.

401 1220 528 1244 INCIPIT
548 1221 740 1245 PRAEFATIO
760 1220 901 1244 CLAUDII
922 1220 1072 1244 EPISCOPI
1094 1221 1126 1244 IN
1148 1221 1249 1244 LIBRO
1268 1221 1343 1245 IESL‘
1363 1221 1463 1245 NAVE.

214 1270 351 1313 Propter
379 1271 510 1302 nimiam
541 1282 728 1313 pressuram
758 1275 854 1312 atque
885 1271 1068 1312 angustiam
1095 1276 1126 1302 et
1157 1270 1242 1302 diras
1273 1272 1498 1302 infestationes
1529 1283 1756 1314 perversorum

107 1323 273 1354 hominum
291 1323 483 1365 iniquorum.
508 1324 561 1364 qui
585 1334 636 1354 me
659 1323 754 1354 minis
772 1322 980 1353 conturbant:
1006 1333 1139 1364 quorum
1159 1323 1397 1354 infestationem
1421 1328 1576 1365 quantum
1601 1335 1661 1355 nec
1686 1335 1756 1355 um·

107 1375 196 1406 bram
223 1375 367 1417 corporis
392 1375 456 1406 mei
480 1375 572 1406 valeo
597 1375 774 1412 declinare}
806 1375 880 1406 ideo
905 1375 988 1406 inter
1012 1375 1082 1416 ipsa
1106 1375 1216 1406 mundi
1240 1375 1426 1417 dispendia,
1456 1376 1487 1407 in
1513 1387 1575 1418 quo
1600 1376 1755 1408 duramus

107 1427 215 1468 potius
245 1437 340 1469 quam
365 1427 519 1467 vivimus,
550 1427 646 1458 michi
670 1438 729 1458 nec
755 1427 861 1458 vivere
890 1426 978 1463 libet
1004 1438 1063 1458 nee
1088 1428 1264 1469 scripturas
1289 1432 1418 1459 sanctas
1444 1429 1644 1470 perscrutari
1670 1429 1755 1460 lieet.

108 1479 151 1510 Et
177 1479 297 1511 ideirco
321 1479 485 1512 biennium
511 1484 576 1511 est.
601 1479 685 1521 quod
710 1479 749 1510 ab
775 1480 978 1521 expositione
1002 1476 1216 1511 Pentateuchi
1242 1484 1337 1522 cepta
1362 1480 1519 1512 cessavil.
1567 1480 1609 1510 Et
1633 1481 1672 1511 ob
1698 1480 1757 1511 hoo

109 1531 220 1562 omitto
244 1530 489 1563 Deuteronomii
515 1531 647 1565 librum,
680 1532 733 1573 qui
764 1542 848 1573 pene
874 1531 905 1561 in
929 1531 1151 1573 superioribus
1176 1532 1283 1563 libris.
1314 1532 1346 1563 id
1377 1536 1427 1563 est
1451 1531 1581 1571 Exodo‚
1611 1532 1756 1564 Levitico

107 1586 204 1625 atque
227 1582 444 1614 Numerorum
474 1594 593 1625 magna
620 1594 661 1614 ex
689 1588 779 1625 parte
810 1583 899 1614 iuxta
929 1583 1071 1614 litteram
1097 1587 1129 1614 et
1154 1584 1302 1625 spiritum
1327 1595 1345 1615 a
1370 1584 1463 1615 nobis
1496 1585 1558 1616 iam
1591 1585 1757 1626 expositus

107 1639 174 1673 est⁷
199 1638 232 1666 et
256 1635 294 1666 ad
320 1635 436 1666 librum
461 1636 538 1667 Iesu
561 1635 673 1667 Navae
697 1635 933 1676 agiographum
960 1646 1000 1666 ex
1025 1634 1118 1666 dictis
1143 1636 1299 1667 maiorum
1325 1640 1522 1675 nostrorum,
1554 1637 1607 1678 qui
1638 1647 1695 1667 nos
1726 1641 1757 1667 et

109 1687 245 1718 scientia
269 1691 302 1719 et
325 1691 471 1729 tempore
497 1692 762 1730 praecesserunt.
798 1688 935 1718 transire
965 1686 1130 1718 desidero.
1163 1699 1202 1719 ea
1226 1688 1380 1720 videlicet
1404 1689 1543 1722 ratione.
1574 1692 1610 1719 ut
1634 1689 1659 1719 si
1684 1699 1757 1730 per—

109 1739 233 1770 miserit
256 1739 403 1770 indebita
425 1739 488 1770 Dei
515 1739 737 1771 misericordia
761 1744 858 1781 atque
882 1739 1045 1770 adiuverit
1068 1750 1119 1771 me
1144 1740 1176 1770 in
1200 1740 1250 1771 his
1275 1740 1402 1772 duobus
1430 1741 1519 1772 libris
1544 1741 1619 1773 Iesu
1645 1741 1758 1772 Navae

109 1794 206 1832 atque
236 1790 403 1822 Iudicum²
431 1791 472 1822 ad
501 1792 586 1822 illius
618 1791 824 1823 dulcedinem
856 1796 886 1822 et
918 1791 1189 1833 profunditatem.
1226 1797 1391 1824 annuente
1428 1794 1550 1835 pietate
1583 1793 1690 1825 divina
1726 1798 1759 1825 et

107 1843 250 1875 bonitate
274 1843 434 1875 indebita.
465 1844 622 1876 accedere
649 1845 733 1882 volo7
759 1845 849 1874 cuius
874 1847 963 1874 tanta
988 1836 1165 1875 auctoritas
1191 1849 1256 1875 est.
1290 1853 1323 1875 ur
1348 1845 1490 1876 secunda
1516 1847 1569 1877 lex
1595 1845 1644 1876 vel
1670 1850 1757 1876 certe

106 1895 233 1927 iteratio
264 1896 346 1937 legis
374 1896 639 1938 inte1·pretetur2.
673 1896 756 1937 quod
781 1901 830 1926 est
854 1897 955 1937 figura
986 1897 1157 1937 evangelii.
1204 1897 1254 1927 De
1279 1908 1342 1939 quo
1367 1898 1434 1928 solo
1459 1898 1539 1929 libro
1564 1898 1749 1929 testimonia
1764 1907 1846 1928 [ut-A.
1864 1912 1913 1932 52¹4,

106 1947 267 1979 Dominus
293 1949 458 1979 temtatori
483 1959 540 1979 suo
566 1948 696 1979 diabolo
727 1941 871 1990 pr'otulit.
917 1948 959 1978 Et
985 1948 1068 1979 sieut
1092 1948 1199 1979 David
1227 1950 1368 1991 quinque
1398 1950 1524 1991 lapides
1552 1954 1663 1980 contra
1688 1949 1940 1984 Go—1.neg.1r.4u.

107 1999 183 2031 liam
213 2003 415 2042 pugnaturus
440 2001 471 2031 in
495 2011 607 2042 peram
637 2001 723 2031 misit
748 2004 780 2031 et
804 2011 845 2032 ex
870 2011 933 2031 uno
960 1999 1089 2031 Goliam
1121 2002 1248 2039 stravit,
1278 2001 1323 2032 ita
1355 2005 1387 2032 et
1411 2001 1571 2032 Dominus
1596 2012 1637 2032 ex
1663 2001 1755 2042 quin-

109 2062 170 2093 que
201 2051 291 2083 libris
315 2052 399 2094 legis
424 2064 465 2084 ex
489 2053 560 2095 ipso
586 2064 649 2084 uno
679 2053 746 2083 solo
778 2052 954 2083 testimonii
983 2053 1119 2094 sagittas
1152 2063 1209 2084 suo
1240 2057 1414 2094 nostroque
1447 2054 1610 2084 temtatori
1642 2053 1756 2084 infixit.

107 2103 283 2146 Explicit
307 2104 539 2146 praefatiob.

553 2263 698 2286 mcu‘l'l'c
718 2262 910 2286 l‘RAEFATw
930 2262 1080 2287 EIUSDEM
1104 2263 1136 2286 IN
1158 2263 1312 2286 ltfnlelm.

212 2313 249 2343 In
283 2313 378 2344 finem
409 2312 482 2343 libri
515 2313 589 2344 Iesu
619 2312 709 2343 Nave
743 2313 884 2344 breviter
916 2316 1064 2344 narrator
1097 2314 1241 2354 porrexit
1273 2313 1465 2354 hystoriam,
1501 2324 1667 2355 quousque
1701 2315 1757 2345 filii

107 2365 209 2396 Israel
235 2364 275 2395 ad
300 2364 453 2396 colendos
477 2364 555 2395 deos
580 2365 704 2395 alienos
729 2365 982 2396 declinaverunt.
1030 2365 1079 2396 Ita
1107 2365 1191 2396 enim
1217 2365 1282 2396 illic
1309 2366 1462 2407 seriptum
1493 2369 1555 2396 est:
1589 2367 1854 2401 ‘Servivit-iwm,
1870 2380 1901 2400 31.

110 2428 172 2458 que
195 2416 297 2448 Israel
322 2417 461 2448 Domino
487 2417 611 2448 cunctis
636 2416 749 2447 diebus
774 2416 849 2448 Iesu
875 2422 908 2448 et
932 2417 1111 2448 seniorum.
1143 2418 1195 2459 qui
1220 2417 1316 2458 longo
1342 2418 1491 2448 vixerunt
1515 2421 1659 2459 tempore
1685 2423 1756 2460 post

210 2548 233 2578 ²)
251 2549 327 2581 episc.
342 2548 392 2572 iud.
408 2548 438 2572 P.
510 2547 533 2579 b)
553 2548 617 2572 idem
632 2547 669 2571 M.
736 2549 758 2572 ὓ)
777 2553 836 2572 tuae
852 2548 887 2571 Jl.
958 2546 984 2580 d)
1003 2549 1065 2573 Ozia
1083 2549 1089 2572 i
1110 2533 1189 2573 deleto
1205 2548 1240 2572 M.
1313 2553 1334 2576 θα
1356 2549 1517 2580 presuptione
1533 2549 1561 2573 P.
1634 2548 1652 2578 f)
1673 2556 1709 2574 est
1729 2554 1755 2574 tu

107 2600 154 2616 om.
168 2591 198 2616 P.
270 2591 296 2622 Β)
315 2591 386 2615 vives
405 2591 435 2615 P.

214 2634 253 2659 ll.
284 2634 308 2666 Β)
322 2635 444 2659 iudicium
465 2634 493 2658 l'.
558 2634 581 2654 ¹³1
596 2635 621 2659 in
636 2635 660 2659 P
671 2636 795 2667 sequitur.-
815 2636 937 2668 Incipit
957 2640 1125 2660 tractatus.
1158 2635 1263 2659 Factum
1277 2640 1313 2660 est
1328 2640 1413 2660 autem
1428 2642 1483 2668 post
1498 2640 1602 2659 mortem
1617 2637 1699 2667 Moysi
1713 2641 1755 2661 ctu.

107 2679 129 2709 Ω)
149 2678 176 2702 in
187 2678 240 2711 sol.
258 2680 290 2702 70
308 2677 369 2702 haec
389 2678 552 2702 ‹inter-edunt:
571 2679 717 2710 Explicit
736 2683 899 2703 tractatus
918 2679 1045 2703 Claudii
1065 2679 1213 2711 episcopi
1233 2679 1263 2703 iu
1283 2679 1367 2703 libro
1389 2680 1462 2703 Iesu
1482 2680 1574 2703 Nave.

214 2747 239 2775 1)
253 2745 367 2771 Librum
382 2745 470 2771 Emli
481 2746 566 2777 finivit
582 2746 714 2772 Claudius
726 2755 751 2773 ιι,
767 2751 824 2779 821,
839 2747 986 2773 Lei-ilicum
1001 2750 1057 2778 823,
1077 2746 1122 2772 scd
1134 2746 1243 2779 quando
1255 2747 1317 2772 liber
1331 2747 1451 2778 Numeri,
1472 2747 1519 2779 qui
1531 2747 1650 2780 deperiit,
1671 2747 1756 2773 etheus

107 2789 150 2821 sit,
170 2796 225 2815 non
243 2791 356 2815 cmzstat.
426 2790 454 2821 2)
473 2789 540 2815 lsid.
555 2789 643 2823 Elym.
659 2789 704 2822 VI,
720 2794 744 2822 4,
761 2794 788 2815 7:
814 2789 1058 2816 Deuteronomium
1075 2810 1079 2814 .
1096 2810 1100 2815 .
1116 2789 1214 2815 Latine
1234 2789 1437 2824 interpretatur
1455 2790 1576 2816 secunda
1596 2790 1647 2817 lex.
1667 2790 1694 2816 id
1715 2793 1754 2816 est

107 2831 240 2865 repetitio
260 2833 288 2857 et
307 2832 486 2865 evangelicae
506 2832 576 2866 legis
596 2833 802 2867 praefiguratio.

211 2883 353 2910 Emsmm
372 2883 418 2910 IV.
1517 2885 1548 2910 77
