2089 3171
69 746 94 764 1ss

66 1269 92 1287 20

45 1517 90 1551 '25

65 1791 90 1811 30

65 2051 90 2070 ³5

65 2366 91 2384 40

497 182 643 209 CLAUDII
664 182 910 209 TAURINENSIS
930 183 1091 210 EPISCOPI
1112 182 1318 210 EPISTOLAE.
1356 184 1395 209 12.
1703 185 1763 214 613

120 273 155 301 ut
179 269 397 312 supradictum
422 274 486 309 est,
517 271 623 301 claves
648 271 738 311 regni
763 270 926 300 caelorum
951 271 1125 312 intellegit.
1156 271 1425 301 intercessionem
1450 269 1537 301 beati
1564 270 1653 301 Petri
1678 270 1763 301 loca·
1799 282 1825 302 c.
1844 271 1905 301 826

121 323 194 353 liter
217 332 280 353 non
305 322 450 364 requirit7
476 323 549 363 quia
574 323 600 353 si
625 323 856 364 proprietatem
882 321 1054 352 verborum
1078 322 1208 353 Domini
1233 322 1398 363 suptiliter
1422 322 1676 359 consideramus,
1701 332 1764 352 non

122 378 171 405 cst
195 375 223 405 ei
249 374 383 405 dictum:
409 373 653 415 ‘Quodcumque
670 374 804 405 solveris
829 374 859 404 iu
885 374 975 405 caelo
1002 375 1062 404 erit
1080 375 1219 405 solutum
1245 380 1275 404 et
1300 375 1331 404 in
1356 377 1452 406 terra.
1479 379 1510 404 ct
1535 374 1760 415 quodcumque
1778 382 1899 403 namins„
1917 386 1946 403 ις.

121 426 273 467 ligaveris
299 427 330 456 in
355 426 445 456 caelo
470 426 531 456 erit
554 426 690 467 ligatum
715 436 814 467 super
838 425 983 456 torram':
1017 437 1053 455 ac
1078 436 1137 467 per
1160 426 1221 456 hoc
1247 425 1414 457 sciendum
1439 429 1502 456 est.
1534 425 1619 466 quod
1644 425 1765 456 tamdiu

123 478 323 508 antistitibus
348 477 506 508 ecclesiae
532 477 618 508 istud
641 477 855 508 ministerium
889 487 1079 507 concessum
1109 481 1174 508 est.
1205 487 1306 518 usque
1332 476 1405 507 dum
1432 478 1492 518 ipsi
1518 478 1767 518 peregrinantur

121 530 151 560 in
176 529 236 560 hoc
260 529 389 560 mortali
411 539 558 571 corpore:
584 540 654 560 cum
680 540 755 560 vero
772 529 917 560 debitum
935 529 1046 559 mortis
1065 528 1292 559 reddiderint³.
1319 529 1371 558 alii
1398 529 1575 559 succedunt
1592 530 1662 559 loco
1680 530 1764 570 ipso-

121 592 205 619 rum,
238 582 290 623 qui
316 581 452 612 eandem
481 582 628 623 optinent
651 581 851 612 iudiciariam
875 584 1086 622 potestatem.
1117 581 1199 611 sicut
1228 580 1382 622 scriptum
1417 583 1482 610 est:
1513 580 1586 611 *Pro
1618 581 1765 622 patribus
1777 589 1901 611 raam.

120 633 182 663 tuis
205 634 271 663 nati
296 637 371 664 sunt
394 633 454 664 tibi
477 633 543 664 filii.
569 634 747 664 constitues
771 643 828 663 cos
853 633 1015 674 principes
1041 643 1139 674 super
1163 642 1290 663 omnem
1315 631 1455 663 terram'.

224 685 323 715 ltcm
349 684 393 715 ad
417 685 556 716 locum.
603 685 720 717 Redite
747 685 836 716 caeci
860 685 900 716 ad
926 685 1034 715 lumen
1059 695 1182 715 verum.
1208 684 1291 726 quod
1316 685 1486 715 inluminat
1510 695 1636 715 omnem
1661 685 1883 722 homi—IQLQ

121 747 194 767 nem
219 737 402 768 venientem
427 737 457 767 in
484 737 567 768 hunc
592 737 761 769 mundum:
786 736 869 778 quod
896 737 1015 767 ‘lumen
1040 737 1069 766 in
1095 737 1238 767 tenebris
1263 737 1349 767 lucet
1374 740 1405 766 et
1429 736 1585 767 tenebrae
1610 747 1682 767 cum
1701 747 1836 774 noum-1,

118 789 426 832 conpraehendunt':
462 790 515 831 qui
552 790 637 821 istud
671 791 779 821 lumen
815 801 878 821 non
910 788 1097 831 aspiciendo
1136 790 1167 819 in
1200 788 1346 819 tenebris
1381 789 1458 818 estis
1490 792 1522 818 et
1555 789 1585 818 in
1622 788 1766 819 tenebris

118 841 298 874 ambulatis.
323 845 355 872 et
379 842 511 872 nescitis
537 852 597 883 quo
622 842 734 873 eatisb.
759 842 833 883 quia
858 841 1012 872 tenebrae
1038 841 1299 871 obcaecaverunt
1324 840 1433 871 oculos
1457 844 1593 871 vestros.
1780 856 1929 879 1‚1<.„,1‚11,

221 893 338 924 Itemc
363 893 407 924 ad
433 894 568 924 locum.
608 893 727 924 Audite
753 898 785 924 et
809 893 868 924 hoc
887 894 1076 934 insipientes
1102 893 1132 923 in
1157 892 1278 934 populo
1297 896 1329 923 et
1354 892 1441 922 stulti
1461 891 1633 933 aliquando
1652 892 1765 934 sapito.

119 946 171 987 qui
196 946 465 976 intercessionem
489 945 625 986 apostoli
652 945 788 976 Romam
819 944 984 986 pergendo
1016 945 1188 986 quaeritis,
1223 944 1299 985 quid
1331 949 1443 975 contra
1477 955 1532 974 vos
1566 944 1652 975 dicat
1682 944 1765 975 idem

82 1010 91 1026 ν.
120 997 325 1039 saepedictus
349 998 554 1028 beatissimus
577 997 789 1038 Augustinus.
837 996 872 1027 Iu
898 997 977 1027 libro
1003 997 1089 1027 cnim
1114 996 1154 1027 de
1180 996 1339 1026 Trinitatc
1365 997 1501 1026 octavol
1528 997 1611 1027 inter
1636 1000 1764 1027 caetera

119 1050 165 1080 sic
187 1049 278 1080 dicit:
305 1049 397 1080 ⁸Redi
421 1059 497 1090 ergo
520 1059 646 1080 mecum
672 1054 704 1079 et
728 1048 978 1079 consideremus.
1005 1059 1060 1079 cur
1085 1048 1257 1089 diligamus
1282 1048 1474 1090 apostolum.
1524 1048 1763 1090 Numquidnam

119 1105 252 1144 propter
276 1101 448 1132 humanam
475 1101 629 1143 speciem.
655 1111 751 1143 quam
776 1101 979 1131 notissimam
1005 1101 1173 1132 habemus
1201 1111 1238 1130 eo
1264 1100 1349 1141 quod
1375 1100 1538 1131 credimus
1563 1111 1637 1131 eum
1665 1100 1766 1130 homi-

119 1164 193 1184 nem
209 1153 333 1184 fuisse?
368 1153 442 1184 Non
466 1153 592 1195 utique:
617 1153 760 1194 alioquin
786 1164 869 1184 nunc
894 1163 957 1183 non
983 1157 1033 1184 est
1057 1163 1152 1194 quem
1179 1152 1361 1194 diligamus.
1388 1152 1650 1194 quandoquidem
1670 1153 1766 1183 homo

118 1206 172 1236 ille
197 1206 259 1236 iam
285 1216 348 1236 non
373 1208 446 1236 est‘!
485 1205 603 1236 Anima
629 1205 714 1236 enim
739 1206 809 1236 eius
833 1216 850 1235 a
876 1215 1011 1246 corpore
1030 1208 1181 1247 separata
1207 1208 1265 1235 est.
1294 1204 1350 1235 sed
1375 1204 1406 1234 id
1431 1204 1517 1246 quod
1542 1205 1573 1235 in
1598 1205 1652 1235 illo
1678 1215 1765 1235 ama-

119 1268 200 1296 mus,
225 1258 321 1288 etiam
346 1267 430 1288 nunc
455 1257 565 1288 vivere
591 1255 772 1289 credimus‘.

220 1309 317 1340 Item
342 1308 385 1339 ad
411 1309 550 1340 locum.
595 1308 830 1340 Promittente‘1
848 1308 919 1339 Deo
937 1308 1035 1339 debet
1066 1307 1170 1338 fidelis
1195 1308 1331 1349 quisquc
1350 1308 1492 1339 credere.
1519 1312 1637 1350 quanto
1664 1309 1765 1349 magis

117 1361 252 1392 iurante.
300 1360 384 1396 Quid
418 1364 468 1391 est
496 1360 623 1392 dicere:
654 1361 700 1391 ·Si
723 1361 843 1391 fuerint
866 1361 897 1391 in
928 1360 1032 1391 medio
1064 1361 1132 1391 eius
1157 1360 1228 1391 Noe
1252 1359 1358 1390 David
1392 1364 1424 1391 et
1456 1360 1546 1391 Iob'l‘
1578 1360 1613 1391 Id
1646 1365 1710 1391 est.
1740 1361 1765 1390 si
1779 1374 1855 1395 πωπω
1869 1378 1898 1396 Η,
1915 1378 1947 1396 1⁴.

116 1417 226 1444 tantae
251 1413 448 1445 sanctitatis.
480 1416 590 1444 tantae
616 1413 759 1444 iustitiae
784 1413 929 1454 tantique
956 1413 1061 1443 meriti
1087 1413 1143 1444 sit.
1176 1413 1287 1454 quanti
1312 1412 1357 1443 illi
1382 1412 1525 1444 fuerunt⁴
1560 1423 1622 1443 non
1646 1413 1765 1443 libera-

117 1465 197 1496 bunt
227 1465 326 1496 filium
358 1474 462 1506 neque
494 1464 601 1496 filiam.
653 1465 745 1496 Haec
775 1464 894 1495 idcirco
927 1464 1018 1495 dicit.
1048 1468 1083 1494 ut
1113 1474 1208 1494 nemo
1239 1464 1278 1494 de
1307 1464 1420 1495 merito
1451 1465 1502 1494 vel
1534 1465 1766 1496 intercessione

121 1520 305 1548 sanctorum
333 1516 486 1555 confidat,
518 1517 592 1558 quia
624 1517 685 1547 nisi
715 1516 850 1547 eandem
880 1516 975 1547 fidem
1004 1517 1158 1547 iustitiam
1183 1516 1417 1557 veritatemque
1442 1520 1568 1547 teneat.
1601 1527 1696 1558 quam
1722 1517 1766 1547 illi

116 1572 300 1607 tenuerunt,
325 1579 384 1610 per
407 1579 502 1610 quam
528 1569 575 1599 illi
601 1569 792 1610 placuerunt
816 1568 897 1601 Deo.
922 1569 1030 1599 salvus
1056 1579 1128 1599 esse.
1153 1579 1216 1598 non
1242 1567 1391 1609 poterit2.

219 1620 315 1652 Item
340 1620 385 1651 ad
408 1620 547 1652 locum.
594 1620 715 1656 Quinta
739 1624 793 1651 tua
818 1621 847 1652 in
874 1631 923 1651 me
949 1621 1087 1652 obiectio
1106 1624 1156 1651 est
1181 1624 1212 1651 et
1237 1620 1407 1662 displicere
1431 1621 1489 1651 tibi
1507 1620 1598 1652 (licis.
1625 1632 1664 1652 co
1682 1621 1765 1662 quod

116 1672 252 1704 domnus
276 1672 476 1714 apostolicus
500 1672 686 1714 indignatus
712 1673 752 1703 sit
777 1673 864 1705 mihi.
911 1672 982 1703 Hoc
1007 1672 1118 1703 dixisti
1143 1672 1182 1703 de
1208 1672 1388 1703 Paschalee
1414 1673 1573 1703 ecclesiae
1598 1672 1765 1703 Romanae

117 1725 268 1767 episcopo
281 1724 304 1763 ³,
333 1725 387 1766 qui
418 1728 592 1766 praesente
624 1725 687 1755 iam
720 1725 823 1756 caruit
854 1725 928 1756 vita.
983 1725 1190 1767 Apostolicus
1220 1728 1328 1755 autem
1359 1724 1476 1755 dicitur
1507 1726 1597 1766 quasi
1629 1725 1765 1766 apostoli

118 1780 226 1808 custos
251 1778 307 1806 aut
330 1775 466 1817 apostoli
496 1775 636 1817 fungens
667 1775 818 1807 officium.
865 1775 960 1807 Certe
985 1787 1047 1807 non
1072 1776 1126 1806 ille
1156 1775 1312 1807 dicendus
1338 1781 1387 1806 est
1411 1777 1627 1818 apostolicus,
1656 1778 1708 1818 qui
1735 1777 1765 1807 in

116 1827 270 1860 cathedra
287 1827 403 1859 sedens
425 1828 574 1870 apostoli,
600 1827 658 1858 sed
683 1829 736 1869 qui
761 1828 974 1870 apostolicum
1000 1828 1113 1869 implet
1137 1827 1288 1859 officium.
1329 1828 1378 1858 De
1404 1828 1465 1859 illis
1491 1828 1587 1859 enim.
1614 1829 1667 1869 qui
1693 1839 1766 1859 eum

115 1879 219 1910 locum
244 1882 355 1910 tenent
379 1883 411 1910 et
434 1889 498 1909 non
523 1879 659 1921 implent
684 1879 835 1910 officium.
860 1879 1020 1910 Dominus
1045 1879 1142 1910 dixit:
1170 1879 1288 1922 Super
1311 1880 1463 1911 cathedra
1484 1880 1588 1921 Moysi
1614 1880 1766 1911 sederunt
1778 1893 1852 1914 inum.
1865 1896 1897 1915 εκ,
1913 1899 1931 1915 2».
1944 1899 1963 1917 ῃ.

116 1931 242 1962 scribae
266 1934 298 1962 et
320 1931 492 1973 pharisaei.
534 1930 649 1962 Omnia
674 1940 1000 1972 ergo·quaecumque
1025 1930 1165 1963 dixerint
1190 1932 1281 1963 vobis
1302 1936 1430 1963 servate
1456 1936 1487 1963 et
1512 1933 1624 1963 facite:
1651 1943 1765 1963 secun-

116 1983 191 2014 dum
215 1993 292 2014 vero
316 1993 416 2024 opera
440 1993 550 2014 eorum
575 1982 676 2013 nolite
701 1982 838 2014 faceres:
864 1982 974 2014 dicunt
998 1983 1085 2013 enim
1111 1986 1143 2014 et
1167 1994 1230 2014 non
1256 1983 1398 2015 faciunt'.

220 2035 342 2066 Liber
372 2034 417 2065 de
448 2045 521 2076 quo
557 2034 633 2065 ista
664 2035 942 2076 excerpsimus
972 2039 1113 2066 tantae
1147 2035 1436 2077 magnitudinis
1466 2040 1544 2067 est.
1577 2040 1765 2077 quantum

117 2087 218 2119 liber
241 2087 481 2129 psalmorum
506 2090 543 2118 et
567 2087 859 2128 quinquaginta
882 2087 1021 2129 psalmi
1046 2087 1146 2129 plus.

219 2202 242 2230 8)
263 2201 418 2226 exsolverint
438 2200 495 2225 Ion.
577 2199 600 2224 bl>
620 2201 680 2224 estis
699 2200 730 2224 B.
807 2204 829 2222 ⁰>
851 2201 912 2225 Item
933 2214 966 2217 —
985 2201 1111 2225 eredimus
1134 2205 1253 2225 secuntur
1279 2201 1350 2233 apud
1374 2201 1427 2226 Ιοιι.
1446 2207 1502 2233 pust
1522 2203 1610 2226 salvus
1636 2210 1690 2226 osse
1715 2210 1766 2226 nun

116 2244 215 2276 poterit.
285 2242 309 2276 (¹)
328 2244 489 2268 Prominenti
510 2263 514 2267 .
535 2263 539 2267 .
562 2243 655 2268 iuranti
680 2243 763 2267 Ionas:
836 2247 859 2273 θ)
880 2244 1017 2269 Paschalae
1036 2253 1050 2268 a
1072 2253 1145 2269 eraso
1166 2244 1196 2268 Jn’.
1269 2243 1287 2275 f)
1309 2245 1382 2269 facim
1402 2244 1432 2268 Β,

222 2313 247 2344 1)
266 2311 299 2338 L.
317 2311 394 2337 VIII
406 2319 426 2337 c.
439 2315 454 2335 11*
472 2312 487 2341 ,ξ’
501 2315 515 2337 9
534 2310 612 2344 (01η).
631 2311 711 2343 VIII,
726 2314 791 2343 871).
858 2311 884 2339 2»
907 2311 948 2343 Cf.
962 2311 1088 2345 Eaeposz't.
1109 2312 1137 2336 in
1155 2312 1227 2345 epist.
1241 2312 1278 2337 ad
1300 2312 1359 2338 (ιίιῖ.
1374 2313 1410 2339 (11'.
1426 2317 1441 2338 2
1458 2320 1483 2345 p.
1500 2316 1570 2345 mv:
1592 2322 1651 2338 (um
1672 2315 1765 2338 autem

117 2356 183 2380 ante
208 2354 328 2380 tribunal
351 2354 451 2386 Christi
472 2354 640 2379 venerimus.
668 2362 717 2379 nec
737 2353 784 2379 101»
804 2362 853 2379 nec
873 2353 970 2380 Daniel
992 2363 1040 2380 nec
1061 2355 1120 2380 Noe
1140 2363 1237 2387 rogare
1257 2364 1335 2388 poss-«2
1356 2364 1404 2388 pro
1423 2364 1576 2388 quoquam.
1603 2356 1648 2381 ,si-sl
1669 2365 1766 2382 unum-

117 2405 255 2431 quemque
275 2399 385 2431 portarc
404 2406 472 2423 onus
493 2406 579 2423 suum.
651 2398 677 2424 3>
696 2396 759 2422 sedit
778 2406 803 2423 a.
820 2401 962 2430 8172824,
982 2398 1043 2423 obiit
1061 2408 1087 2424 α.
1104 2401 1163 2424 824.
