2089 3171
587 183 768 209 APPENDJX
790 183 837 209 AD
858 183 1005 210 ALCVINI
1025 184 1230 212 EPlsTOLAS.
1268 187 1290 212 4.
1703 189 1764 219 493

116 270 277 311 praefatos
309 269 378 300 dies
410 270 610 300 subtraxeris
641 275 672 299 et
704 280 827 300 sacram
861 270 944 300 diem
975 271 1179 312 paschalem,
1210 273 1308 304 XXX
1341 278 1371 304 et
1396 273 1463 304 VI*
1493 273 1561 304 dies
1590 285 1646 316 pro
1678 274 1763 304 deci·
1777 278 1850 315 post
1875 274 1934 304 804

115 322 274 352 matioue.
308 326 343 351 ut
375 322 406 351 in
431 321 490 352 XL
514 321 675 352 ieiunatis.
722 321 866 355 Videtis,
897 323 979 364 quod
1006 323 1035 353 hi
1063 325 1116 364 qui
1142 335 1200 355 sex
1225 330 1257 355 et
1282 325 1312 355 hi
1340 326 1392 366 qui
1422 336 1536 356 novem
1564 325 1764 356 ebdomadas

116 372 330 403 abstinentiae
355 372 585 405 decreverunt.
610 373 752 404 decimas
783 374 908 405 dierum
932 374 1003 405 Dco
1034 376 1101 416 pari
1133 380 1244 408 tenore
1270 376 1434 408 reddendo
1469 377 1675 408 concordant.
1722 377 1766 408 Hi

117 435 206 457 vero.
232 425 285 465 qui
310 429 434 466 septem
466 429 498 455 et
522 425 567 458 hi.
599 426 651 466 qui
682 429 753 456 octo
779 425 979 457 ebdomadas
1004 427 1150 458 ieiunare
1176 429 1393 470 praecipiunt,
1428 430 1587 470 equaliter
1610 429 1669 460 XL
1695 429 1765 460 dies

77 483 88 499 f»
116 476 308 507 abstinendo
334 477 472 518 vestigia
495 476 625 507 Domini
652 477 801 508 videntur
824 477 968 519 adsequi.
1016 478 1075 509 Ille
1100 483 1208 510 autem
1241 481 1294 521 qui
1326 480 1496 511 sabbatum
1524 482 1639 512 statuit
1663 481 1765 512 hono-

64 750 88 768 10

115 528 249 559 randum
279 539 342 559 non
372 532 502 570 propter
530 529 682 559 mandata
712 530 847 571 legalia,
873 540 955 571 quac
979 531 1094 561 umbra
1120 538 1194 562 sunt
1218 532 1383 564 veritatis.
1410 532 1469 563 hoc
1495 533 1581 564 fecit.
1609 533 1666 564 sed
1690 534 1765 575 quia

115 581 274 622 requievit
298 580 349 611 die
373 580 428 610 illo
453 580 610 611 Dominus
638 582 667 611 in
693 581 881 623 sepulchr0‚
907 592 1010 623 eoque
1035 588 1290 625 vesperascente
1315 584 1468 625 gaudium
1501 590 1632 616 sanctae
1657 596 1765 616 resur-

115 632 269 663 rectionis
301 632 474 663 honorifice
505 633 698 664 celebratur.
746 634 922 664 Auctorem
948 644 1025 664 vero
1057 634 1152 665 huius
1183 635 1229 665 rei
1255 635 1460 666 fraudulenta
1485 636 1652 668 oblivione
1677 637 1764 667 intus

116 685 265 715 veniente
290 695 347 726 per
371 695 488 715 nomen
513 685 682 716 enuntiare
706 696 770 716 non
794 696 978 727 possumus.
1026 686 1062 716 In
1088 697 1221 717 numero
1241 687 1360 729 quippe
1379 687 1502 718 dierum
1521 688 1765 730 praedictorum

116 740 228 768 cautos
252 747 307 767 vos
333 736 547 768 calculatores
571 737 740 768 adhibete.
771 742 802 767 et
826 738 851 768 si
876 737 951 778 quid
975 738 1225 778 reprehenditis.
1252 740 1459 780 congregatis
1492 740 1584 771 nobis
1610 741 1641 771 in
1666 751 1764 771 unum

117 789 307 830 corrigatur.
331 789 400 830 ipso
426 789 609 821 adiuvante.
635 790 687 831 qui
713 790 798 820 inter
822 789 945 820 duobus
971 794 1025 820 aut
1049 790 1151 821 tribus
1175 791 1207 821 in
1225 792 1275 822 sui
1292 792 1431 821 nominis
1450 790 1598 834 [hon]ore
1617 793 1766 824 collectis
1778 800 1943 825 nannieno.

116 841 147 872 in
171 841 275 872 medio
300 851 411 872 eorum
437 852 471 871 se
497 842 675 872 consistere
700 841 790 873 dixit.

217 972 242 1003 ²)
262 973 298 996 ΙΙΙ
324 972 374 1002 Τ*,
393 981 458 996 corr.
480 972 592 997 Froben.
