2089 3171
86 282 314 313 c.801-814?

211 332 263 357 Epli.
276 335 294 353 6,
308 334 326 351 4,

243 359 326 381 ili-(111.

180 546 241 566 Prov.
254 548 271 567 6,
281 548 298 564 l.
307 547 325 565 2.

237 959 264 977 il»,
278 961 296 981 G.
308 960 326 979 3.

241 1113 267 1132 ib.
280 1114 326 1137 e‚4.

187 1636 204 1652 2¹.
216 1632 270 1651 Tim.
280 1635 298 1654 12,
308 1634 326 1652 2.

214 1683 257 1703 111.
269 1685 325 1708 21154

204 2256 246 2274 loli.
262 2258 289 2275 li'⁴
302 2259 332 2275 21.

194 2305 257 2325 Eeele
275 2309 293 2329 4,
302 2309 332 2326 12¹.

168 2460 195 2481 is,
208 2460 259 2480 11111*Δ
271 2464 289 2482 7,
305 2463 333 2480 Π.

340 196 400 226 488
807 191 987 217 APPENDIX
1008 190 1054 215 AD
1079 190 1226 216 Aterno
1252 189 1455 216 ErisronAs.
1491 189 1515 214 2.

340 280 477 315 Patres.
503 280 600 310 nolite
626 279 694 309 sine
721 288 818 308 causa
842 277 882 307 ad
907 276 1106 307 iracundiam
1131 286 1307 317 provocare
1331 275 1414 306 filios
1434 274 1568 305 vestros⁷
1597 277 1628 305 et
1652 274 1716 304 illis
1741 273 1856 304 dicitur
1881 273 1975 309 *Filia

338 331 488 362 oboedite
513 330 657 371 patribus
684 329 797 359 vestris
822 329 852 358 in
876 327 1038 359 Domiuo'.
1086 327 1174 358 Scire
1207 327 1326 357 etenim
1351 327 1467 368 prelati
1493 326 1628 361 debent.
1654 325 1745 366 quia.
1771 325 1796 355 si
1821 335 1974 365 perversa

338 393 488 423 umquam
515 384 709 423 perpetrant.
735 384 780 410 tot
804 380 958 410 mortibus
983 379 1071 420 digni
1098 383 1181 409 sunt.
1207 382 1283 418 quot
1301 378 1339 408 ad
1358 377 1504 408 subditos
1523 388 1596 407 suos
1617 376 1805 418 perditionis
1823 375 1974 416 exempla

339 434 572 467 transmittunt;
604 432 688 463 unde
718 442 851 462 necesse
880 434 941 467 est.
973 435 1007 461 ut
1040 434 1129 461 tanto
1159 441 1194 460 se
1224 429 1348 460 cautius
1379 440 1397 459 a
1428 429 1522 470 eulpa
1553 428 1749 460 custodiant.
1774 430 1892 468 quanto
1916 437 1974 467 per

338 495 451 526 prava.
481 495 562 525 quae
594 484 727 521 faciunt,
760 493 821 513 non
854 483 913 512 soli
943 482 1131 512 moriuntur.
1187 481 1335 521 Denique
1366 480 1553 511 terribiliter
1583 483 1614 510 et
1644 489 1701 520 per
1733 478 1893 520 quendam
1917 477 1972 508 ad-

338 546 518 566 monemur:
549 535 620 565 *Fili
646 535 702 564 mi.
734 535 760 564 si
785 533 995 575 spoponderis
1021 544 1076 574 pro
1107 533 1208 563 amieo
1243 536 1315 563 tuo.
1342 532 1482 563 defixisti
1515 531 1599 573 apud
1631 535 1823 562 extraneum
1847 540 1977 560 manum

337 591 433 621 tuam.
460 587 662 627 inlaqueatus
688 597 722 616 es
748 586 853 616 verbis
878 586 942 616 oris
968 587 1012 616 tui
1037 589 1068 616 ct
1093 588 1207 626 captus
1233 584 1368 625 propriis
1387 582 1607 614 sermonibus'.
1655 582 1819 624 Spondere
1837 592 1977 622 namque

336 649 392 680 pro
429 639 531 669 amieo
573 641 621 668 est
661 638 799 668 alienam
836 637 975 667 animam
1015 638 1045 667 111
1094 636 1236 678 periculo
1280 646 1356 666 suae
1394 635 1647 666 conversationis
1688 635 1851 675 accipere.
1892 632 1977 664 unde

338 694 370 721 et
393 690 477 732 apud
502 694 690 721 extraneum
722 700 834 719 manus
859 688 1018 730 defigitur,
1052 689 1128 729 quia
1153 687 1238 729 apud
1263 687 1508 719 sollicitudinis.
1534 697 1617 728 quae
1642 689 1716 717 ante
1740 685 1860 719 deerat.
1889 694 1979 715 mens

338 742 464 783 ligatur.
510 741 628 772 Verbis
654 752 729 771 vero
754 741 817 770 oris
842 740 890 770 sui
915 741 1084 781 laqueatus
1109 742 1158 770 est
1184 750 1220 770 ac
1245 739 1383 780 propriis
1409 739 1611 769 sermonibus
1639 743 1766 779 eaptus.
1793 737 1876 778 quia,
1902 736 1977 766 dum

338 794 514 825 commissis
539 793 599 823 sibi
626 793 750 833 cogitur
773 792 856 822 bona
881 792 999 823 dicere.
1025 792 1128 833 ipsum
1153 792 1240 832 prius
1258 802 1394 822 necesse
1421 795 1469 821 est
1494 801 1576 832 quae
1595 790 1713 820 dixerit
1729 788 1904 823 custodire3
1930 787 1976 818 in-

338 847 507 887 laqueatus
533 845 630 885 igitur
655 844 760 874 verbis
792 844 854 874 oris
887 844 950 878 sui.
984 843 1058 874 dum
1085 844 1207 873 ratione
1234 843 1387 883 exigente
1421 842 1662 883 constringitur.
1688 851 1727 871 ne
1754 840 1823 871 eius
1849 840 1914 870 vita
1938 839 1978 869 ad

339 896 424 927 aliud
449 907 542 937 quam
568 895 718 925 admonet
742 895 917 925 relaxetur,
965 894 1057 925 Unde
1083 894 1167 935 apud
1192 894 1371 924 districtum
1398 894 1535 924 iudicem
1562 894 1687 934 cogitur
1710 895 1800 923 tanta
1824 892 1856 922 in
1881 901 1979 932 opere

338 948 516 983 exsolvere.
542 950 660 988 quanta
685 957 756 977 eum
782 950 905 977 constat
930 947 1002 976 aliis
1027 957 1105 976 vove
1131 946 1318 987 precipisse.
1366 945 1407 976 Et
1432 947 1527 987 paulo
1546 949 1632 987 post:
1657 944 1833 978 *Discurrea
1850 944 1978 981 festina,

338 1001 459 1030 suscita
483 1000 622 1030 amicum
648 998 759 1029 tuum'.
807 999 961 1039 Quisquis
986 999 1069 1029 enim
1096 998 1135 1028 ad
1161 997 1332 1028 vivendum
1357 998 1429 1028 aliis
1465 998 1495 1027 in
1521 997 1669 1038 exemplo
1694 995 1892 1038 preponitur.
1917 1006 1978 1026 non

340 1052 443 1082 solum
468 1055 501 1081 ut
527 1052 595 1093 ipse
621 1051 761 1091 evigilet,
786 1050 842 1081 sed
867 1051 965 1081 etiam
990 1054 1021 1080 et
1047 1050 1184 1080 amicum
1209 1050 1355 1080 suscitet.
1382 1054 1598 1081 ammonetur:
1628 1049 1656 1079 ei
1681 1058 1820 1089 namque
1845 1047 1980 1088 vigilare

340 1103 422 1134 bene
448 1102 582 1133 vivendo
609 1113 671 1132 non
697 1102 832 1132 sufficit.
859 1102 884 1132 si
910 1113 970 1132 non
995 1102 1101 1132 illum.
1127 1101 1176 1131 eui
1201 1105 1318 1142 preest.
1344 1112 1362 1131 a
1388 1102 1513 1142 peccati
1544 1105 1673 1142 torpore
1698 1100 1872 1140 disiungat.
1920 1098 1979 1129 ‘We

340 1154 465 1185 dederis
491 1152 659 1187 somnum'.
684 1154 824 1194 inquam.
850 1153 962 1183 *oculis
988 1153 1066 1183 tuis.
1092 1163 1151 1182 uec
1176 1152 1350 1194 palpebrae
1376 1156 1449 1183 tuac
1476 1151 1670 1184 dormitent':
1697 1161 1842 1182 somnum
1861 1150 1979 1191 quippe

340 1206 440 1236 oeulis
465 1206 541 1236 dare
560 1209 608 1236 est
627 1206 803 1236 intentione
822 1209 969 1235 cessante
988 1205 1187 1235 subditorum
1206 1210 1332 1235 curam‘¹
1358 1205 1549 1245 neglegere:
1576 1203 1752 1245 palpebrae
1769 1213 1847 1234 vero
1863 1202 1981 1233 dormi-

340 1261 417 1291 tant.
444 1268 514 1288 cum
542 1258 753 1298 cogitationes
779 1260 906 1287 nostrae
932 1268 979 1289 ea.
1005 1268 1088 1298 quae
1114 1257 1145 1286 in
1171 1257 1306 1287 subditis
1332 1256 1524 1297 corrigenda
1543 1258 1794 1296 cognoscuntur,
1817 1254 1976 1296 pigridine

339 1310 538 1351 deprimente
563 1309 776 1339 dissimulant.
824 1308 923 1339 Plene
957 1308 1041 1339 enim
1074 1308 1211 1338 dormire
1242 1312 1291 1338 est
1321 1308 1563 1338 commissorum
1595 1310 1667 1337 acta
1701 1307 1802 1345 scire,
1827 1317 1887 1338 nec
1912 1317 1979 1337 cor-

340 1363 462 1403 rigere:
488 1373 548 1392 non
567 1365 673 1392 autem
691 1360 838 1393 dormire.
865 1360 920 1390 sed
939 1359 1110 1390 dormitare
1137 1363 1195 1392 est.
1221 1370 1302 1400 quae
1322 1360 1374 1400 qui
1393 1358 1662 1400 reprehendenda
1680 1361 1754 1389 sunt
1771 1367 1980 1399 cognoscere,

339 1413 395 1444 sed
420 1417 525 1443 tamen
553 1419 682 1454 propter
706 1412 822 1442 mentis
848 1411 968 1442 tedium
993 1411 1096 1452 dignis
1122 1422 1160 1441 ea
1185 1411 1460 1452 increpationibus
1485 1421 1547 1441 non
1574 1409 1755 1441 emendare.

441 1464 663 1499 Considerate.
688 1464 754 1494 nati
780 1464 840 1494 mei
865 1464 1036 1499 karissimi.
1062 1464 1262 1504 propensius,
1289 1467 1409 1504 quanta
1434 1464 1562 1504 pietatis
1588 1463 1712 1493 viscera
1742 1462 1827 1492 intra
1851 1461 1980 1492 clande-

338 1518 421 1547 stina
444 1517 583 1557 pectoris
601 1516 750 1557 gestabat
768 1516 989 1556 magisterium
1008 1515 1182 1556 apostolus.
1208 1515 1260 1556 qui
1280 1515 1404 1545 duobus
1422 1515 1598 1556 discipulis,
1625 1518 1656 1545 et
1674 1525 1736 1545 non
1754 1513 1882 1544 diversa
1899 1513 1980 1543 cari-
2010 1524 2020 1542 2

339 1573 405 1599 tate
423 1568 566 1610 preditis,
591 1568 718 1598 diversa
734 1572 843 1598 tamen
860 1567 1018 1598 adiutoria
1035 1567 1263 1608 predicationis
1281 1567 1435 1608 inpendit.
1475 1567 1680 1597 Timotheum
1705 1575 1843 1606 namque
1861 1575 1982 1595 ammo-

340 1632 417 1651 nens
435 1621 491 1651 ait:
517 1621 648 1661 Argue.
674 1620 818 1652 obsecra.
844 1620 974 1660 increpa
992 1619 1021 1649 in
1041 1619 1126 1649 omni
1144 1619 1306 1660 pacientia
1324 1622 1355 1649 et
1371 1617 1539 1654 doctrina}
1563 1618 1670 1648 Titum
1689 1627 1815 1658 quoque
1832 1616 1984 1647 admonet

338 1673 459 1703 dicens:
486 1672 588 1702 *Haec
613 1672 742 1713 loquere
761 1675 793 1702 et
810 1674 960 1702 exortare
979 1675 1010 1702 et
1028 1682 1126 1712 argue
1146 1681 1216 1701 eum
1235 1671 1321 1701 omni
1344 1670 1500 1712 imperi0“‚
1525 1670 1628 1701 bonus
1645 1669 1788 1701 medicus
1807 1679 1982 1710 congruam

338 1724 470 1755 infirmis
488 1724 649 1765 potionem
667 1723 852 1764 propinans.
899 1723 962 1754 Sed
981 1723 1053 1764 quid
1072 1726 1131 1760 est,
1150 1723 1235 1764 quod
1253 1723 1429 1753 doctrinam
1449 1733 1537 1753 suam
1554 1726 1643 1753 tanta
1661 1725 1729 1752 arte
1747 1721 1925 1763 dispensat,
1950 1724 1985 1751 ut

339 1777 370 1806 in
396 1775 579 1806 exhibenda
603 1775 696 1805 alteri
721 1775 889 1815 imperium
914 1778 1010 1816 atque
1036 1776 1128 1805 alteri
1155 1775 1351 1816 pacientiam
1377 1775 1536 1816 proponit,
1564 1775 1624 1805 nisi
1650 1773 1733 1815 quod
1757 1773 1982 1804 mansuetioris

340 1828 470 1869 spiritus
505 1827 613 1857 Titum
647 1830 678 1857 ct
714 1827 810 1868 paulo
842 1827 1046 1857 ferventioris
1086 1827 1163 1857 vidit
1196 1838 1268 1857 esse
1305 1826 1527 1858 Timotheum.
1564 1827 1654 1856 illum
1691 1836 1747 1867 per
1780 1825 1984 1856 emulationis

339 1879 477 1909 studium
509 1879 697 1909 inflammat.
728 1878 811 1908 hune
843 1889 900 1919 per
933 1879 1099 1909 lenitatem
1130 1880 1312 1920 pacientiae
1344 1883 1521 1920 temperat:
1553 1879 1596 1908 illi
1623 1877 1707 1919 quod
1739 1877 1833 1908 deest
1857 1876 1985 1918 augetb.

343 1931 414 1961 huic
439 1930 523 1972 quod
549 1934 697 1971 superest
722 1931 898 1961 subtrahit:
924 1931 1012 1961 illum
1039 1931 1167 1961 stimulo
1192 1932 1350 1972 inpellere
1377 1931 1504 1961 nititur.
1530 1930 1613 1961 huuc
1640 1930 1767 1960 habena
1791 1929 1984 1960 moderatur.

343 1982 467 2013 Idcirco
499 1982 578 2012 haec
610 1982 757 2012 certatim
788 1981 961 2015 admoneo.
992 1987 1026 2012 ut
1051 1983 1139 2023 vigili
1169 1982 1376 2022 indagatione
1402 1981 1621 2013 meditemini.
1654 1982 1678 2011 si
1703 1981 1795 2012 vobis
1820 1981 1985 2022 quippiam

340 2038 396 2065 aut
420 2034 513 2064 deest
537 2037 591 2064 aut
615 2037 774 2074 superest„
800 2037 940 2064 vestram
964 2038 999 2064 ut
1024 2044 1129 2064 meam
1153 2034 1287 2075 cupiens
1313 2037 1480 2064 aeternam
1507 2034 1537 2063 iu
1563 2033 1661 2064 caelis
1686 2035 1870 2063 manentem
1897 2032 1994 2063 salu->

342 2090 416 2117 tem.
464 2085 534 2116 Dici
561 2096 618 2116 nec
643 2085 729 2116 credi
754 2089 872 2126 potest.
899 2089 1053 2126 quantum
1079 2096 1134 2115 vos
1159 2085 1302 2126 diligam,
1321 2089 1541 2127 quantumque
1559 2085 1685 2126 cupiam
1711 2095 1784 2115 esse
1805 2084 1984 2126 sapientes;

342 2142 373 2168 et
399 2138 472 2167 licet
497 2148 559 2168 non
584 2137 797 2177 ignoraverim
823 2148 879 2167 vos
905 2138 1033 2167 vinculo
1059 2137 1242 2167 dilectionis
1262 2137 1382 2167 (nn-isti
1408 2141 1520 2167 unetos
1546 2139 1756 2178 sanctamque
1781 2136 1886 2177 potire
1914 2136 1984 2166 uni-

344 2190 418 2220 {atis
450 2189 721 2229 singularitatem.
756 2199 838 2219 nune
875 2190 1062 2230 specialiter
1098 2189 1236 2230 amplius
1273 2189 1514 2230 perfectiusque
1546 2199 1682 2230 presens
1713 2199 1770 2218 nos
1804 2188 1926 2218 muniat
1955 2191 1987 2218 et

345 2252 441 2271 unum
467 2241 587 2272 efficiat
611 2244 713 2277 carta.
740 2241 821 2271 sicut
846 2240 1001 2271 Dominus
1027 2241 1072 2271 ait
1096 2241 1194 2282 patri.
1225 2241 1436 2282 interpellans
1462 2252 1518 2282 pro
1545 2241 1651 2271 nobis:
1680 2239 1733 2270 ’111
1758 2238 1842 2279 sint',
1872 2239 1986 2281 inquit,

345 2298 462 2329 uinum.
489 2294 571 2323 sicut
595 2304 652 2323 nos
677 2303 775 2323 uuum
800 2303 919 2322 sumus.
947 2291 1043 2332 rogo’:
1069 2303 1131 2322 non
1150 2298 1223 2324 tres.
1249 2292 1305 2323 sed
1324 2303 1422 2322 unum
1441 2303 1561 2326 sumus.
1581 2292 1655 2334 quia
1675 2291 1850 2322 ‘funiculus
1867 2291 1986 2332 triplex

344 2345 397 2375 vix
422 2343 599 2386 rumpitur’,
624 2348 716 2386 pater
741 2344 892 2375 videlicet
917 2355 988 2374 cum
1013 2344 1097 2374 tiliis.
1145 2343 1303 2378 Quocirca
1329 2345 1419 2375 ·necl
1445 2344 1563 2385 aliquid
1590 2343 1692 2384 magis
1718 2343 1837 2374 homini
1862 2343 1893 2374 in
1926 2342 1986 2374 hac

346 2397 542 2427 mortalitate
569 2397 708 2426 viventic
738 2396 956 2426 necessarium
994 2399 1043 2425 est
1067 2406 1178 2425 nosse.
1209 2406 1302 2436 quam
1335 2395 1440 2426 Deum
1473 2399 1504 2426 et
1536 2396 1690 2431 animanr:
1720 2398 1874 2436 quantum
1903 2394 1988 2425 enim

345 2449 479 2489 quisquc
507 2449 610 2479 Deum
635 2449 797 2488 agnoscit.
824 2448 854 2478 111
881 2451 1003 2478 tantum
1029 2447 1149 2488 diligit.
1175 2448 1226 2487 qui
1253 2447 1356 2477 minus
1381 2448 1540 2488 agnoseit.
1574 2446 1698 2477 minusb
1723 2445 1847 2487 diligit'‚
1879 2449 1911 2477 et
1934 2446 1987 2487 qui

346 2500 470 2531 111111115(1
496 2499 608 2541 diligit.
633 2500 758 2530 minusd
785 2500 814 2530 ei
839 2499 1021 2530 dimittitur.
1072 2498 1130 2529 Est
1155 2500 1261 2529 anima
1286 2500 1392 2540 imago
1424 2504 1455 2529 et
1488 2498 1661 2529 similitudo
1687 2498 1762 2535 Dei,
1795 2508 1857 2528 non
1882 2501 1988 2528 tamen

346 2563 420 2593 pars
439 2551 510 2585 Dei.
535 2552 609 2592 quia
634 2551 673 2581 ad
698 2552 871 2592 imaginem
898 2551 945 2581 sui
969 2550 1144 2581 conditoris
1170 2551 1311 2591 perfecte
1338 2551 1468 2592 quidem
1493 2561 1682 2591 summeque
1700 2549 1877 2582 Trinitatis.
1905 2559 1986 2591 quae

348 2608 395 2634 est
420 2604 449 2633 in
475 2603 570 2633 Patre
595 2607 626 2633 et
653 2602 732 2633 Filio
758 2606 789 2633 et
812 2602 932 2644 Spiritu
958 2606 1077 2641 sancto,
1104 2602 1233 2632 condita
1259 2607 1316 2634 est.
1344 2607 1374 2632 et
1399 2603 1473 2633 licet
1498 2602 1592 2632 unius
1618 2602 1659 2632 sit
1683 2601 1738 2632 illa
1763 2605 1897 2638 nature,
1922 2605 1987 2632 tres

348 2659 456 2685 tamen
476 2655 506 2685 in
525 2666 559 2685 se
578 2655 676 2685 habet
693 2654 878 2695 dignitates,
897 2654 926 2684 id
945 2658 993 2683 est
1012 2653 1223 2685 intellectum.
1242 2654 1442 2684 voluntatem
1468 2658 1499 2684 et
1521 2654 1706 2684 memoriam
1716 2653 1739 2683 2.
1779 2652 1874 2688 Quod
1892 2652 1987 2691 idem,

448 2734 470 2759 ³)
490 2742 549 2757 ι·,111·;1
572 2734 597 2756 (¹.
669 2732 692 2759 ¹³]
713 2734 785 2765 ungit
801 2734 825 2757 Γ.
898 2734 919 2759 r)
939 2733 1040 2755 vivente
1062 2732 1087 2755 (s.
1160 2730 1184 2755 ‘li
1204 2733 1278 2755 minis
1294 2734 1319 2756 (ἲ

452 2786 474 2813 l)
496 2794 542 2809 ner
563 2785 669 2817 aliquid
714 2800 720 2802 -
741 2785 866 2817 agnoscit
888 2784 976 2809 miuus
1000 2783 1094 2816 diligit
1119 2790 1149 2807 nir
1177 2783 1277 2807 :llo-oti
1300 2792 1336 2815 cp.
1353 2787 1404 2807 :5011
1429 2791 1447 2807 c.
1467 2787 1485 2813 1,
1505 2790 1590 2815 snpra,
1609 2790 1634 2814 p.
1648 2786 1707 2813 474,
1728 2781 1840 2807 Αἶαιιιῗηὶ
1868 2789 1928 2814 opp.
1949 2780 1988 2806 ed.

351 2826 503 2852 lfa-obimus
527 2828 562 2859 ΙΙ,
580 2833 628 2853 [Μ.
700 2831 723 2855 21
745 2828 784 2859 (ss.
807 2828 865 2852 ihicl.
886 2837 905 2852 r.
920 2831 934 2849 οι·
951 2836 976 2858 1).
995 2830 1045 2851 147.

2007 749 2029 766 io

2008 1003 2030 1020 15

2007 1263 2032 1282 20

2012 1782 2036 1800 :³0

2012 2040 2036 2059 ³5

2014 2297 2039 2316 40

2016 2561 2039 2579 45

2017 2830 2042 2848 50
