2089 3171
676 159 826 186 ALCVINI
846 158 1054 186 EPISTOLAE.
1090 158 1131 184 57.
1151 159 1191 185 58.
1708 160 1763 188 101

111 259 174 289 qua
197 252 229 279 te
254 258 414 279 excusare
440 248 540 279 soles.
567 247 735 278 caritatem
760 250 870 277 tacere
894 246 1007 276 faciat:
1040 256 1080 276 ne
1105 245 1210 275 minus
1236 244 1365 275 flamma
1389 246 1545 275 luciseat⁸
1570 244 1675 274 illius.
1709 243 1767 274 sed
1793 242 1983 272 782—796?

112 300 237 341 fulgeat
260 301 292 331 in
318 300 459 331 cartulis.
485 309 568 341 quae
593 299 624 329 in
650 298 746 329 corde
770 298 1006 340 perpetualiter
1030 298 1165 328 incensa
1189 296 1292 328 ardet.

216 351 348 382 Vadens
373 350 454 382 vade
479 350 551 381 Deo
575 350 752 381 miserante
777 360 850 380 cum
875 350 961 380 omni
985 349 1213 391 prosperitate.

216 403 335 434 Videat
360 407 391 433 te
417 402 531 433 oculus
556 413 658 440 meus,
683 406 858 443 antequam
883 401 1011 439 moriar,
1036 411 1101 432 non
1125 400 1235 438 semel,
1262 400 1320 431 sed
1346 401 1487 442 saepius.
1526 400 1678 431 Donante
1696 399 1767 430 Deo

73 468 84 485 5
112 466 240 497 semper
264 455 296 485 in
320 458 490 486 aeternum
517 453 636 484 valeas.

920 641 968 672 58.

215 704 378 741 Alc-vinus,
402 705 436 733 ut
460 702 634 741 discipulus
651 702 779 741 qnidam
802 701 863 732 sibi
880 701 1027 732 inimicus
1053 701 1085 730 ιή
1099 701 1271 739 pristinam
1289 701 1461 731 amic-itiam
1486 701 1599 737 redcat,
1620 703 1768 740 postulat.

1491 753 1683 783 782—796?

217 797 278 824 Cod.
299 797 322 824 S
336 797 382 827 fol.
398 799 552 823 ιη’-ηδ’.

217 839 287 866 Edd.
309 839 402 872 F156,
420 840 443 866 J
458 844 498 866 48.
520 854 550 858 —
571 839 666 872 Miyne
684 839 729 864 col,
748 843 806 865 479.

62 938 86 957 10
501 928 681 952 cAfflsslMO
700 928 734 951 IN
754 927 889 951 CHRISTI
908 926 1080 950 CARlTATE
1100 926 1191 950 FILIO
1209 926 1378 950 SALUTEM.

219 979 378 1015 Obsecro.
414 982 450 1010 ut
484 979 577 1009 solite
607 979 739 1020 pietatis
770 978 944 1008 dilectione
980 977 1037 1007 has
1067 982 1223 1018 paternae
1254 977 1438 1008 devotionis
1467 977 1627 1008 litterulas
1661 979 1770 1019 legere

114 1033 257 1074 digneris
272 1032 293 1063 ¹.
343 1030 421 1064 Cur.
454 1031 639 1062 dulcissime
669 1030 729 1060 fili.
761 1030 991 1060 contumeliam
1018 1029 1229 1060 dissensionis
1260 1034 1390 1060 nostrae
1420 1030 1451 1060 in
1486 1040 1581 1060 aures
1607 1030 1769 1071 palatinas

112 1085 243 1116 mittere
269 1083 420 1114 voluisti?
466 1082 553 1113 Ecce
578 1083 621 1113 ibi
647 1086 754 1113 sonat:
782 1081 877 1117 ²Quid
902 1092 959 1112 nos
985 1092 1115 1123 sperare
1141 1081 1297 1112 debemus
1322 1081 1361 1112 de
1386 1081 1513 1112 illorum
1538 1082 1692 1116 amicitia,
1718 1081 1771 1122 qui

113 1146 173 1167 nec
197 1136 280 1166 inter
304 1145 339 1165 se
365 1135 454 1176 ipsos
478 1133 575 1165 fidem
601 1134 652 1164 vel
677 1133 880 1164 concordiam
907 1143 1038 1163 servare
1063 1131 1275 1174 potuerunt'i'
1322 1132 1428 1173 Magis
1460 1133 1539 1163 11300
1565 1137 1673 1175 potest
1698 1144 1769 1163 esse

61 1202 85 1221 15
114 1186 259 1218 confusio
294 1195 390 1227 quam
420 1185 582 1215 laudatio.
619 1184 796 1226 disperatio
825 1184 900 1215 fidei
929 1188 1061 1215 nostrae
1095 1194 1190 1225 quam
1225 1184 1426 1215 confirmatio
1453 1196 1571 1215 causae
1597 1189 1682 1216 tuae.
1730 1185 1771 1215 Et

111 1249 175 1281 qua
198 1239 303 1269 fronte
327 1236 568 1278 reprehendere
594 1237 715 1278 poteris
741 1247 825 1268 eum.
851 1246 947 1277 quem
972 1236 1091 1266 totiens
1116 1236 1250 1266 laudare
1275 1236 1425 1267 solebas?
1473 1236 1564 1267 Scio.
1597 1236 1681 1278 quod
1714 1237 1770 1267 tibi

112 1291 160 1322 ira
183 1295 239 1321 tua
263 1290 349 1320 iusta
372 1288 517 1320 videtur:
543 1289 616 1329 quia
641 1288 720 1319 haec
747 1293 797 1319 est
822 1294 938 1319 natura
964 1287 1096 1318 humani
1123 1288 1256 1319 furoris.
1282 1297 1315 1319 ut
1340 1289 1420 1319 haec
1447 1288 1601 1330 quidquid
1627 1289 1695 1330 agit
1720 1289 1770 1319 vel

111 1342 189 1373 dicit
213 1342 334 1372 iustum
366 1341 426 1371 sibi
453 1351 526 1371 esse
551 1340 688 1371 videtur.
735 1340 920 1371 Irascimini
953 1344 984 1370 et
1008 1340 1108 1370 nolite
1133 1350 1285 1381 peccare.
1318 1340 1348 1370 id
1381 1344 1430 1371 est
1454 1341 1552 1371 nolite
1576 1351 1769 1382 permanere
1783 1352 1817 1371 ΡΞ,
1830 1355 1848 1372 1.
1864 1354 1883 1372 5.

112 1395 146 1425 in
168 1394 226 1425 ira.
275 1393 447 1424 Concessit
471 1392 556 1434 quod
581 1396 718 1424 naturae
743 1396 809 1423 est:
840 1392 914 1422 tulit
943 1391 1027 1433 quod
1052 1391 1167 1433 culpae
1201 1396 1260 1422 est.
1308 1392 1434 1423 Idcirco
1462 1399 1494 1423 et
1519 1392 1684 1434 apostolus
1710 1393 1768 1423 ait:

61 1460 87 1480 20
115 1445 182 1477 ‘Sol
205 1455 271 1476 non
287 1444 414 1476 occidat
439 1455 538 1486 super
554 1444 754 1475 iracundiam
764 1449 774 1461 ‘¹
800 1443 964 1476 vestram'.
1001 1444 1086 1485 Sepe
1104 1444 1219 1474 melior
1237 1448 1285 1474 est
1302 1444 1453 1475 defensor
1470 1454 1564 1485 quam
1583 1449 1768 1476 accusator:
1780 1458 1834 1484 Eph,
1849 1462 1869 1480 4.
1883 1460 1916 1479 21.

112 1499 186 1540 quia
210 1497 266 1528 ille
290 1496 351 1528 adb
375 1507 490 1538 pacem
518 1496 675 1527 defendit.
710 1497 770 1527 istc
805 1496 845 1527 ad
870 1495 1062 1526 discordiam
1088 1499 1230 1526 accusat.
1276 1495 1346 1527 Nec
1372 1497 1403 1526 in
1428 1507 1501 1527 mea
1525 1496 1635 1527 diffido
1661 1507 1769 1529 causa.

110 1550 187 1581 lieet
216 1550 249 1580 in
271 1549 437 1590 presentia
462 1548 570 1589 regis2
596 1549 782 1579 ventiletur.
830 1548 936 1579 Testis
967 1552 1015 1578 est
1040 1547 1116 1577 1111111
1141 1548 1268 1578 renium
1294 1551 1469 1581 scrutator.
1501 1559 1597 1589 quani
1630 1548 1817 1583 fideliterm,
1834 1566 1851 1585 ς,
1869 1567 1899 1583 m

111 1606 143 1633 te
168 1611 297 1643 semper
321 1601 443 1631 amavi.
476 1603 509 1631 et
539 1611 634 1642 quam
659 1600 743 1631 bene
769 1600 875 1642 cupivi
905 1599 944 1630 de
970 1600 1069 1630 fratre
1101 1604 1172 1630 tuo,
1207 1609 1300 1641 quem
1327 1599 1420 1630 video
1444 1604 1476 1631 te
1501 1600 1573 1642 plus
1599 1601 1772 1631 carnaliter

111 1664 254 1691 amasse,
288 1663 383 1694 quam
408 1655 531 1694 patrem
557 1652 761 1694 spiritaliter,
796 1652 873 1683 licet
897 1652 951 1682 ille
977 1651 1015 1682 de
1040 1661 1092 1682 me
1118 1652 1280 1692 superbae
1306 1652 1439 1693 egisset.
1486 1651 1594 1682 Testis
1621 1656 1671 1682 est
1695 1652 1771 1682 mihi

62 1718 87 1738 25
118 1704 255 1736 domnus
281 1714 338 1735 rex
363 1704 402 1735 de
427 1704 521 1735 Iesec
546 1703 677 1743 causad.
702 1715 742 1734 an
767 1704 852 1734 illius
870 1704 975 1745 pietas
993 1703 1082 1744 prius
1100 1703 1238 1734 alterum
1256 1703 1448 1741 nominaret.
1475 1714 1514 1734 311
1532 1714 1591 1745 ego
1610 1715 1770 1745 precarer.

113 1756 156 1787 Et
187 1767 250 1787 non
279 1756 507 1787 erubescerem
542 1755 581 1787 de
612 1755 791 1786 ambabuse
816 1755 1077 1797 accusationibus
1109 1755 1138 1785 in
1169 1755 1255 1785 illius
1281 1755 1488 1786 sanctissima
1513 1757 1697 1797 praesentia
1724 1756 1769 1786 di—

114 1807 260 1846 iudicari,
286 1808 312 1838 si
337 1818 400 1838 non
425 1808 699 1839 confunderemur
723 1808 762 1839 de
787 1808 1001 1840 dissensionis
1026 1812 1113 1839 nota.
1162 1806 1254 1843 Quod
1281 1817 1357 1837 vero
1382 1811 1412 1837 te
1437 1808 1604 1838 nesciente
1630 1808 1771 1849 perrexi.

114 1860 295 1891 necessitas
320 1859 382 1890 11οο
406 1859 493 1894 fecit.
518 1870 580 1890 non
605 1861 768 1896 voluntas²

219 1911 326 1947 Quare
352 1911 473 1942 oblitus
496 1912 601 1942 fuisti.
633 1912 677 1942 fili
708 1913 765 1945 mi.
798 1913 958 1954 quomodo
985 1923 1056 1943 011111
1083 1912 1224 1943 lacrimis
1259 1915 1290 1941 et
1314 1911 1486 1942 inclinatas
1509 1912 1635 1942 cervice
1661 1919 1691 1942 te
1717 1923 1772 1954 pro

63 1983 88 2002 ³0
116 1974 198 2006 pace
229 1968 262 1995 et
295 1963 479 1994 concordia.
514 1974 572 2005 pro
598 1963 717 1995 Christi
743 1975 853 1996 amore
878 1970 1051 2006 praecatus
1083 1976 1166 1996 sum.
1206 1965 1296 1994 cuius
1322 1963 1449 1994 debitor
1480 1974 1515 1994 es
1541 1965 1626 1994 omni
1652 1964 1771 1995 homini

117 2016 215 2047 etiam
249 2026 313 2047 non
343 2020 486 2056 rogatus.
544 2015 586 2046 Et
622 2017 648 2046 si
678 2016 810 2048 fratrem
843 2021 933 2048 tuum
962 2017 1167 2049 occidissem.
1204 2017 1315 2057 utique
1346 2015 1385 2046 ob
1412 2015 1532 2046 Christi
1564 2020 1772 2057 praeceptum

116 2069 290 2110 ignoscere
316 2067 499 2098 debuisses:
531 2072 650 2108 quanto
675 2069 796 2110 magis.
828 2069 901 2099 dum
929 2069 1005 2099 nihil
1031 2069 1060 2100 ei
1085 2069 1191 2099 nocui.
1224 2068 1281 2099 sed
1306 2068 1434 2098 omnino
1459 2068 1619 2098 benefeci.
1666 2067 1708 2098 Et
1733 2068 1773 2097 (111

116 2119 177 2150 1100
200 2119 408 2150 benefactum
441 2120 472 2150 in
496 2119 585 2150 illum
611 2120 761 2151 inimicus
786 2120 891 2151 factus
927 2132 961 2152 05
987 2121 1091 2151 amico
1117 2127 1182 2152 tuo,
1227 2119 1297 2150 Nec
1323 2120 1381 2150 tibi
1407 2119 1479 2161 plus
1505 2125 1554 2149 est
1579 2119 1611 2149 in
1636 2130 1771 2160 regene-

117 2171 242 2202 ratione
266 2171 369 2201 sancti
394 2170 532 2212 Spiritus
557 2172 693 2202 fratrisss
717 2182 813 2213 quam
838 2172 926 2203 mihi.
974 2172 1016 2202 Et
1040 2173 1066 2203 si
1090 2173 1121 2202 in
1146 2173 1249 2214 prima
1274 2172 1449 2202 mansisset
1474 2171 1698 2209 generatione.
1733 2182 1771 2201 ex

65 2242 88 2260 :55
119 2233 182 2265 qua
211 2227 281 2254 orta
311 2227 359 2254 est
383 2223 545 2254 discordia
575 2224 658 2254 inter
683 2225 864 2255 carissimas
888 2234 1059 2267 personas:
1100 2228 1132 2255 et
1162 2225 1192 2254 111
1225 2234 1287 2265 qua
1318 2223 1389 2264 plus
1420 2223 1511 2253 illum
1537 2233 1641 2255 alnas.
1679 2233 1774 2263 quam

116 2285 178 2314 me,
203 2285 264 2306 nec
288 2275 346 2306 tibi
371 2285 430 2306 1100
454 2274 533 2305 mihi
560 2280 647 2307 esset
670 2276 780 2307 frater.

219 2326 418 2361 Revertere,
449 2331 630 2367 revertere,
664 2328 739 2359 licet
763 2339 825 2359 non
851 2339 909 2370 pro
934 2339 1022 2359 meo.
1049 2327 1106 2358 sed
1131 2338 1188 2369 pro
1214 2327 1299 2357 illius
1325 2336 1450 2362 amore,
1477 2327 1529 2367 qui
1555 2337 1625 2356 cum
1652 2326 1772 2356 inimici

117 2388 280 2417 essemus,
318 2378 541 2409 reconciliavit
572 2390 630 2410 nos
655 2379 726 2410 Deo
763 2381 794 2410 in
828 2381 985 2422 sanguine
1021 2391 1090 2410 suo.
1146 2379 1194 2410 Sit
1228 2380 1282 2409 ille
1308 2378 1399 2409 nobis
1432 2388 1515 2408 nunc
1545 2378 1704 2409 mediator
1734 2377 1912 2410 adaxint-20.

118 2441 241 2473 pacem,
267 2431 320 2472 qui
345 2430 405 2461 fuit
429 2434 503 2461 ante
528 2431 688 2462 mediator
711 2431 752 2462 ad
776 2433 885 2462 vitam.
934 2432 967 2462 Si
992 2432 1050 2462 has
1077 2431 1267 2462 humilitatis
1302 2441 1393 2461 meac
1419 2441 1534 2472 preces
1559 2429 1639 2460 dura
1666 2435 1773 2460 11101110

65 2568 91 2587 40
221 2562 246 2591 ⁸)
264 2561 405 2585 luciscatm
424 2561 459 2585 Η.

222 2603 264 2629 58.
301 2603 325 2634 ³)
345 2605 499 2629 iraeondiam
521 2605 548 2629 S.
639 2604 661 2628 Μ
682 2606 712 2630 ad
732 2606 832 2637 scripsit
849 2605 992 2631 Frobenius
1009 2615 1058 2637 pro
1077 2611 1101 2630 et
1122 2606 1149 2630 ιδ.
1240 2605 1261 2629 ‘sl
1282 2613 1326 2629 rex
1345 2604 1428 2628 deiese
1448 2605 1483 2628 fi:
1507 2612 1540 2627 (111
1560 2604 1590 2628 de
1610 2605 1677 2628 Iesse
1697 2604 1723 2628 id
1742 2609 1776 2629 esc

119 2646 224 2672 David?
246 2647 270 2671 J.
296 2648 344 2671 Dei
369 2656 423 2672 esse
447 2649 547 2679 scripsit
570 2648 721 2673 frobenius.
828 2648 851 2679 d}
882 2657 987 2674 cansam
1008 2654 1147 2673 correctum
1168 2653 1202 2671 es!
1223 2648 1248 2672 in
1268 2656 1347 2671 cansa
1367 2647 1393 2670 in
1414 2649 1440 2671 S.
1545 2648 1567 2665 οἳ
1598 2648 1727 2672 ambubns
1748 2648 1774 2671 S.

117 2689 137 2721 s)
157 2690 280 2715 inclinato
300 2690 328 2715 S.
400 2690 426 2722 Β)
446 2692 531 2715 fratris
550 2700 617 2717 corr.
636 2693 663 2716 in
683 2694 774 2718 fratres
795 2695 822 2717 ιδ’.

224 2760 249 2789 1)
278 2757 372 2784 Eidem
397 2760 510 2790 sonasse
532 2759 662 2793 discipulo
687 2761 790 2792 insenso
808 2762 913 2795 scripsi!
936 2762 992 2787 Alc.
1014 2769 1112 2792 rei-sus,
1142 2768 1208 2793 quos
1227 2758 1298 2784 edidi
1321 2759 1389 2785 Poet.
1411 2759 1496 2784 (hi-ol.
1519 2759 1540 2787 J.
1561 2762 1609 2785 243
1629 2768 1653 2784 11.
1674 2759 1775 2784 XXII.

67 2810 91 2829 ⁴5
119 2800 145 2829 2)
166 2800 255 2826 Caroli
275 2801 381 2835 Magni,
402 2802 431 2826 in
449 2803 527 2827 cuins
545 2803 610 2828 aula
632 2803 760 2829 AJm-inns
778 2804 931 2829 etiamnum·
951 2807 1068 2829 rersmns
1085 2811 1139 2829 esse
1160 2802 1269 2827 ridetur.
1393 2799 1398 2803 ’
