2089 3171
195 266 297 295 —804

193 375 245 394 Lm».
258 377 275 396 ἲ,
291 377 322 394 2¹4.

198 734 264 754 Eceli.
276 735 294 754 2,
307 737 324 753 1.

171 1558 237 1577 ,naith
259 1561 320 1580 ussto

210 1663 268 1682 Rom.
282 1666 300 1684 5,
311 1665 329 1682 5.

333 180 393 208 ⁴136
880 171 1024 198 ALCVINI
1046 170 1252 196 EPISToLAE.
1289 171 1346 196 279.
1365 170 1422 195 eso.

335 266 472 293 mentem
498 262 634 299 fatigare
659 259 765 297 debet,
792 259 847 289 sed
873 269 1000 300 semper
1024 258 1128 288 stabili
1155 260 1264 287 tenore
1289 260 1398 287 erecta
1422 267 1479 297 spe
1505 255 1543 285 ad
1562 255 1666 286 Deum
1692 257 1781 288 firma
1807 259 1968 290 soliditate

336 314 505 344 immobilis
537 322 738 353 permanere.
786 310 878 341 Unde
904 314 935 340 et
959 310 1185 340 testificatione
1215 309 1311 349 ipsius
1338 308 1482 338 veritatis
1508 308 1667 338 lohannes
1692 308 1834 350 baptista
1857 311 1968 341 lauda-

334 369 401 397 tur.
434 363 516 404 quod
548 374 609 393 non
640 366 727 392 esset
757 361 889 392 'arundo
922 366 1039 391 ventoa
1069 359 1212 401 agitata.
1248 360 1277 390 id
1306 363 1355 389 est
1384 370 1442 389 nee
1473 358 1725 390 adversitatibus
1754 362 1874 392 saeculi
1911 374 1967 393 nec

335 415 585 457 reprehensione
614 414 784 449 invidiosa.
819 413 868 443 vel
903 413 1000 443 etiam
1031 412 1213 443 adulatione
1244 411 1393 443 subdola.
1431 411 1480 441 vel
1510 412 1725 451 prosperitate
1759 413 1917 444 arridente
1949 425 1966 445 a

336 467 518 497 stabilitatis
544 466 737 496 rectitudine
761 469 902 496 mentem
928 464 1090 495 declinare
1110 464 1240 493 voluitb:
1267 463 1323 493 sed
1349 473 1478 503 semper
1501 462 1628 503 aequali
1655 463 1769 494 mentis
1795 464 1968 498 soliditate.
2010 485 2020 500 f,

335 529 415 559 quae
447 518 583 548 adversa
614 517 758 558 pertulit.
792 517 842 547 vel
872 516 956 546 laeta
984 516 1192 557 temperavit:
1218 515 1308 545 cuius
1339 514 1487 554 exemplo
1514 517 1641 544 vestrae
1666 515 1811 546 firmetur
1834 516 1865 546 in
1889 516 1970 549 Deo,

335 569 565 600 dilectissimae
590 578 763 610 personae.
796 568 986 598 exercitatio
1012 567 1139 597 mentis.
1188 566 1363 596 Proficiunt
1387 566 1470 595 enim
1497 575 1595 605 saepe
1621 567 1865 606 temptationes,
1893 567 1970 609 lut01

336 621 468 662 probata
494 621 656 662 pacientia
681 620 711 649 in
736 619 917 650 mercedem
943 623 1097 649 aeternae
1123 618 1342 648 retributionis
1369 620 1504 648 crescat.

439 672 530 702 Sicut
548 682 659 702 aurum
680 672 752 711 igne
770 671 936 712 probatur.
962 671 1005 701 ita
1022 669 1282 700 tribulationibus
1303 679 1390 698 mens
1414 668 1590 699 christiana
1607 671 1820 707 examinatur.
1845 671 1973 702 dicente

336 725 507 765 scriptura:
534 723 614 759 -Filt
640 723 796 754 accedisti
821 722 860 753 ad
885 723 1071 753 servitutem
1091 721 1160 757 Dei.
1186 731 1343 761 praepara
1360 720 1500 750 animum
1527 724 1615 751 tuum
1641 721 1680 752 ad
1705 722 1970 764 temptationem'‚

336 786 399 806 non
429 775 467 806 ad
498 775 714 805 securitatem.
762 774 923 805 Roborate
958 774 1169 814 vosmetipsas
1201 772 1356 813 exemplis
1388 776 1587 805 sanctorum.
1621 773 1768 813 legentes
1796 785 1855 815 per
1885 776 1972 806 vices

336 828 460 857 illorum
487 827 570 856 vitae
595 825 780 856 dulcissima
804 826 969 866 exempla.
1001 829 1031 855 et
1056 828 1238 855 sanctorum
1265 822 1435 854 verborum
1469 824 1673 855 hortamenta
1704 827 1903 859 necessaria:
1936 827 1976 857 sit

336 879 460 909 illorum
488 879 553 908 vita
578 878 667 908 vobis
694 879 723 908 in
754 877 933 918 speculum.
986 876 1067 907 Nam
1098 877 1204 906 fessae
1235 875 1349 906 mentis
1381 885 1514 906 acumen
1545 875 1671 906 levioris
1700 877 1848 908 lectionis
1876 879 1974 909 inter-

337 931 452 972 positio
483 940 581 970 saepe
612 929 723 960 reficit.
782 929 857 959 Ideo
888 927 1070 958 diffieiliord
1102 928 1131 957 in
1164 927 1342 968 apostolica
1373 927 1563 958 auctoritate
1594 938 1708 958 sensus
1738 930 1848 970 procul
1879 929 1975 961 dubio

337 983 465 1023 saepius
481 982 617 1022 fatigare
636 981 748 1012 habet:
775 981 829 1012 sed
857 984 962 1011 tenete
988 991 1071 1010 nunc
1096 981 1125 1010 in
1151 990 1264 1009 manus
1290 979 1339 1009 vel
1366 979 1447 1009 vitas
1473 982 1609 1020 patrum.
1635 980 1684 1010 vel
1703 981 1859 1012 miracula
1883 992 1974 1012 sanc-

338 1038 455 1065 torum.
488 1044 621 1074 quorum
648 1034 678 1063 in
710 1033 865 1073 dialogis¹²
890 1033 974 1063 beati
1000 1032 1165 1072 Gregorii.
1199 1031 1339 1061 doctoris
1365 1032 1464 1061 nostri
1479 1031 1498 1064 ¹.
1530 1032 1629 1062 multa
1658 1032 1866 1063 inveniuntur
1896 1033 1974 1064 luei-

338 1085 470 1115 dissima
495 1088 628 1115 exarata
654 1085 838 1125 eloquentia
863 1088 895 1115 et
921 1084 1089 1114 sententiis
1116 1088 1246 1113 sanctae
1272 1083 1449 1123 scripturae
1477 1093 1604 1124 semper
1628 1084 1839 1115 confirmatas.
1887 1085 1978 1116 Haec

338 1141 369 1167 et
402 1137 569 1167 intervos
605 1136 750 1167 conferre
783 1140 814 1166 et
851 1137 881 1166 in
918 1136 1073 1165 conviviis
1105 1135 1175 1165 aliis
1211 1134 1306 1165 edere
1343 1135 1405 1164 iam
1443 1135 1489 1164 sig
1520 1135 1784 1167 consuetudinem
1820 1137 1978 1178 incipietis

338 1188 472 1221 habere.
506 1187 599 1218 valde.
625 1187 713 1217 vobis
739 1198 811 1217 esse
838 1187 975 1218 iocunda
1004 1185 1255 1217 arbitrandumh.
1303 1186 1392 1216 Sicut
1422 1186 1608 1217 diversitate
1642 1187 1785 1218 ciborum
1814 1187 1977 1219 fastidium

338 1240 543 1270 manducanti
561 1239 691 1275 tollitur.
717 1239 762 1269 ita
779 1239 935 1269 varietate
961 1239 1108 1269 lectionis
1134 1249 1222 1268 mens
1246 1238 1386 1268 reficitur
1403 1238 1551 1278 legentis.
1592 1238 1683 1274 Quae
1709 1240 1849 1270 omnium
1868 1244 1974 1271 vestra

339 1293 454 1322 caritas
480 1292 682 1322 considerata
712 1291 916 1332 providentia
941 1291 1061 1326 videat.
1093 1291 1165 1332 quid
1196 1291 1246 1321 cui
1280 1290 1429 1331 temporii
1455 1290 1503 1320 vel
1529 1300 1591 1330 qna
1615 1301 1754 1331 persona
1778 1292 1979 1331 conveniat²‚

340 1349 373 1374 ut
398 1344 523 1385 plurimi
550 1344 665 1374 vestris.
690 1343 818 1384 optimis
842 1342 1114 1374 admonitionibus
1139 1342 1178 1372 ad
1205 1343 1340 1373 salutem
1371 1342 1548 1372 animarum
1576 1353 1703 1373 suarum
1728 1343 1907 1384 proficiant.

443 1395 534 1426 Haec
553 1395 664 1436 scripsi
683 1398 818 1436 paterna
841 1394 1067 1425 admonitione.
1093 1397 1126 1424 nt
1144 1393 1273 1424 dilectio
1299 1398 1406 1424 vestra
1432 1394 1462 1423 in
1489 1394 1568 1424 hanc
1587 1398 1708 1425 cartam
1726 1405 1830 1426 meam
1850 1397 1979 1437 saepius

342 1446 457 1477 habeat
472 1446 686 1487 praesentiam
701 1446 722 1479 ³³.
749 1446 831 1476 sicut
848 1446 962 1475 caritas
982 1449 1090 1475 vestra
1109 1448 1239 1475 nostrae
1257 1445 1356 1475 menti
1383 1446 1518 1475 firmiter
1543 1445 1642 1476 infixa
1659 1446 1812 1478 manebit.
1852 1446 1981 1480 Videte.

340 1509 432 1539 quam
458 1498 586 1539 planum
613 1501 662 1527 est
686 1497 878 1535 intellegere
905 1497 934 1526 in
960 1497 1092 1527 caritate
1116 1500 1226 1527 mutua
1252 1497 1334 1538 quod
1360 1497 1388 1527 in
1415 1498 1584 1538 evangelio
1609 1497 1676 1538 ipse
1699 1497 1858 1529 Dominus
1883 1499 1978 1530 dixit:

348 1550 420 1580 ‘libi
451 1553 523 1580 sunt
552 1549 613 1579 duo
641 1549 688 1579 vel
719 1552 783 1578 tres
819 1549 1005 1589 congregati
1031 1549 1060 1578 in
1093 1549 1220 1579 nomine
1251 1559 1338 1580 meo.
1372 1549 1412 1578 ibi
1439 1560 1508 1579 sum
1534 1550 1563 1579 in
1596 1549 1700 1580 medio
1734 1550 1863 1582 eorum'.
1909 1551 1980 1582 Non

343 1606 466 1632 tantum
493 1601 552 1631 hoc
578 1601 616 1631 de
642 1601 827 1641 praesentia
852 1601 1008 1642 corporali
1035 1600 1151 1631 dictum
1178 1605 1344 1642 putemus.
1371 1601 1427 1631 sed
1452 1602 1554 1642 magis
1579 1601 1617 1632 de
1642 1603 1826 1643 praesentia
1850 1607 1981 1635 sanctae

344 1654 495 1684 caritatis.
521 1663 602 1694 quae
627 1652 743 1683 diffusa
768 1656 816 1683 est
841 1663 898 1693 per
916 1653 1070 1694 Spiritum
1096 1657 1242 1683 sanctum
1267 1653 1298 1683 in
1324 1652 1473 1683 cordibus
1492 1654 1617 1683 nostris.
1656 1653 1824 1685 Habentes
1850 1655 1983 1686 thesau-

343 1716 410 1736 rum
437 1716 531 1736 verae
557 1704 738 1734 dilectionis
764 1705 794 1734 in
819 1704 1006 1745 pectoribus
1031 1705 1159 1740 nostris.
1186 1704 1256 1735 inde
1281 1705 1502 1745 unusquisque
1527 1705 1624 1735 alium
1651 1705 1782 1737 adiuvet
1807 1707 1982 1737 secundum

343 1767 525 1787 mensuram
559 1756 740 1786 donationis
774 1755 908 1790 Christi.
947 1757 1013 1787 sive
1043 1757 1071 1786 in
1103 1757 1223 1787 solacio
1257 1757 1430 1787 saecularis
1468 1757 1686 1791 necessitatis.
1724 1758 1790 1789 sive
1825 1759 1856 1789 in
1893 1769 1980 1789 com—

343 1809 494 1839 munione
519 1808 670 1848 spiritalis
695 1807 871 1837 doctrinae.
923 1807 959 1837 Et
985 1807 1036 1837 ubi
1064 1807 1143 1838 llaec
1169 1808 1259 1839 fiant.
1291 1808 1333 1838 ibi
1360 1808 1573 1838 certissimum
1599 1812 1647 1838 est
1670 1808 1831 1839 Christum
1857 1820 1928 1840 esse
1953 1811 1984 1840 in

345 1860 464 1890 medio.
490 1860 541 1900 qui
567 1859 604 1889 de
630 1859 724 1889 eorde
751 1859 902 1899 religioso
929 1860 956 1889 in
983 1870 1038 1889 cor
1061 1860 1195 1890 alterius
1221 1861 1363 1890 caritatis
1389 1861 1579 1890 suavitatem
1605 1860 1767 1895 diffundit.
1798 1865 1832 1891 ut
1857 1862 1898 1892 sit
1923 1872 1985 1892 una

345 1911 517 1942 eoncordia
542 1912 682 1941 omnium
710 1911 813 1941 Deum
840 1910 1054 1951 diligentium,
1080 1916 1111 1941 et
1136 1921 1198 1941 una
1222 1912 1326 1952 pietas
1353 1912 1489 1942 invicem
1516 1922 1549 1942 se
1574 1911 1802 1943 adiuvantium.

448 1963 537 1993 Haec
567 1973 621 1993 vos
647 1962 778 1993 assidua
808 1962 1051 1993 considerantes
1082 1962 1252 1993 dulcedine
1284 1964 1447 2004 nostrique
1476 1974 1635 1994 memores
1662 1963 1788 1994 Christo
1814 1965 1983 1996 miserante

344 2026 473 2056 semper
498 2014 534 2044 de
560 2014 610 2044 dic
636 2015 665 2044 in
696 2014 781 2044 diem
814 2015 842 2044 in
875 2015 1007 2045 caritate
1040 2015 1193 2045 crescite.
1229 2015 1259 2045 in
1290 2014 1352 2045 fide
1383 2015 1615 2045 confirmamini
1646 2020 1677 2046 et
1705 2016 1736 2046 in
1766 2027 1822 2058 spe
1852 2016 1980 2048 divinae

345 2067 499 2097 bonitatis
526 2066 748 2096 indeficientes
774 2069 905 2096 aeterna
931 2066 1145 2107 prosperitate
1163 2066 1279 2097 valete.
1305 2067 1470 2096 carissima
1495 2070 1526 2097 et
1551 2067 1778 2098 iocundissima
1801 2067 1983 2099 dilectionis

347 2122 478 2149 sanctae
504 2118 644 2149 nomina.

1130 2239 1199 2269 280.

448 2290 600 2320 Alcvimcs
632 2289 787 2319 monachis
810 2289 1070 2319 Hibera[ensibus
1093 2289 1128 2319 (la
1148 2290 1240 2330 sitnm
1264 2290 1394 2328 optimae
1422 2291 1662 2321 conversationis
1687 2301 1743 2329 per
1765 2290 1896 2331 Dunyal
1924 2292 1986 2331 epi-

347 2352 468 2380 scopum
492 2342 595 2372 delam
618 2341 805 2380 malmlalar,
831 2341 873 2371 ad
893 2341 983 2379 sidem
1001 2341 1178 2371 eatholimm
1197 2341 1360 2380 slmliaqm'
1379 2342 1555 2372 le‘llcmrum
1578 2342 1702 2373 colenda
1727 2343 1887 2377 hortatur:
1909 2354 1987 2382 quae

348 2393 407 2423 vlla
431 2394 618 2431 principum,
643 2393 868 2427 nuntacleormn,
893 2393 1084 2424 monialium.
1110 2393 1244 2423 munium
1270 2393 1509 2423 ‹·l2›·istian0rm›2
1534 2403 1596 2423 esse
1619 2393 1734 2431 debeat,
1757 2393 1849 2425 docet.

451 2468 512 2494 (lod.
534 2469 562 2494 Η
579 2469 624 2500 fol.
639 2472 764 2494 ,ῆι-δίῃ.
1683 2456 1705 2475 ⁶·
1723 2445 1900 2476 792-304·

453 2512 518 2537 lala.
543 2512 635 2543 1³:321,
656 2512 676 2537 J
686 2516 737 2538 217.
759 2527 789 2530 -
812 2512 902 2545 Miyne
920 2512 966 2537 col.
983 2515 1040 2537 500.

450 2600 506 2624 ΖΠΗ,
544 2604 565 2627 ³¹]
587 2605 662 2624 venta
682 2600 716 2624 Il.
795 2599 819 2627 ὓ)
840 2601 921 2624 valuit
941 2600 974 2623 Vll.
1055 2605 1076 2629 ⁰)
1098 2606 1124 2623 nt
1143 2600 1220 2626 deest,
1247 2602 1359 2631 ›nm-fine
1379 2601 1434 2626 folii
1451 2601 1546 2632 partim
1566 2602 1661 2626 avulso.
1747 2600 1772 2632 d)
1791 2602 1932 2627 difficiliore
1953 2601 1989 2627 H.

350 2648 369 2669 “A
390 2644 505 2673 ‹lialogiis
528 2643 558 2666 ll.
631 2642 649 2671 s)
669 2644 814 2667 confirmate
836 2643 870 2667 H.
942 2642 966 2675 α)
987 2643 1021 2667 sic
1044 2642 1075 2666 Il.
1147 2641 1171 2671 ἢ)
1192 2643 1371 2667 arbitrantium
1392 2643 1426 2667 H.
1498 2643 1514 2676 i)
1534 2648 1644 2676 tempore
1665 2644 1698 2668 H.

452 2687 509 2710 ZSU.
547 2691 569 2707 Η)
597 2686 712 2710 Lemma.-
741 2687 783 2710 Ad
812 2687 938 2715 fratresv
967 2686 1021 2717 qui
1051 2686 1078 2709 in
1103 2686 1256 2709 Hibernia
1285 2687 1387 2710 insnln
1414 2695 1466 2718 per
1494 2688 1622 2711 diversa
1647 2688 1717 2712 loca
1743 2689 1804 2712 Deo
1827 2689 1990 2713 deservire

351 2729 499 2753 videntur
521 2729 553 2753 ΙΙ.

456 2781 477 2806 l}
499 2779 524 2803 id
543 2782 576 2804 cst
598 2780 721 2812 Aaffliaoe
739 2779 771 2810 cf.
785 2787 867 2811 snpra
885 2787 908 2811 p.
927 2782 974 2804 182
992 2779 1006 2804 I.
1021 2782 1066 2809 29:
1089 2784 1131 2804 las-1
1151 2780 1165 2804 l.
1185 2782 1231 2805 2⁸:
1256 2783 1299 2804 1Νέ)
1318 2780 1334 2804 Ι.
1348 2784 1384 2805 35.
1468 2780 1494 2813 2)
1515 2780 1555 2811 Cf.
1570 2788 1655 2813 supra
1670 2788 1697 2813 p.
1710 2783 1761 2806 260
1780 2780 1796 2806 l.
1809 2785 1831 2806 5.
1905 2781 1932 2813 3)
1953 2779 1992 2813 C'f.

351 2830 432 2854 supra
452 2832 476 2854 μ.
494 2827 534 2848 155
553 2823 566 2848 l.
581 2826 628 2851 36,-
648 2827 691 2848 150·
711 2823 725 2848 Ι,
740 2827 776 2849 25.

2001 741 2024 758 10

2005 998 2027 1016 15

2002 1256 2027 1274 20

2011 1775 2035 1793 30

2010 2033 2034 2051 ³5

2015 2403 2040 2420 40

2017 2655 2040 2674 45
