2089 3171
706 167 855 193 ALCVINI
876 167 1084 194 EPISTOLAE.
1121 168 1144 194 3.
1715 171 1755 200 27

100 255 237 286 Domino
262 255 345 285 enim
371 254 497 285 videtur
522 254 629 285 facere
655 254 818 291 iniuriam,
852 255 904 296 qui
930 258 1111 285 creaturam
1137 265 1226 286 suam
1252 255 1362 285 foedat
1388 259 1419 285 et
1446 255 1607 297 deturpat.
1657 255 1754 286 Certe
1770 257 1830 285 780

100 308 126 338 si
155 318 212 348 pro
238 306 308 337 Deo
335 307 449 348 aliquis
480 306 562 337 hanc
588 307 748 337 tincturae
774 307 923 338 iniuriam
950 307 1142 343 sustineret,
1173 318 1324 348 magnam
1359 308 1432 339 inde
1458 309 1753 339 remunerationem

101 359 276 400 acciperet.
317 358 381 389 Sed
400 359 544 400 quisquis
563 369 605 389 ex
622 359 877 400 superstitione*
895 359 1066 399 gentilium
1093 359 1123 390 id
1141 360 1217 400 agit,
1244 370 1305 390 non
1331 360 1358 391 ci
1383 360 1509 401 proficit
1534 360 1574 391 ad
1603 360 1824 391 salutemrmt
1842 369 1886 386 ⁵⁸⁵-

101 411 183 441 sicut
207 421 266 441 nec
290 409 420 441 Iudaeis
446 411 649 441 circumcisio
676 411 819 452 corporis
846 412 916 442 sine
942 411 1134 442 credulitate
1160 411 1275 442 cordis.

203 461 410 493 Vestimenta
442 463 538 492 etiam
564 466 674 493 vestra
703 473 792 494 more
817 463 1005 504 gentilium,
1039 474 1118 504 quos
1143 463 1212 494 Deo
1239 464 1418 505 opitulante
1453 467 1562 505 patres
1588 465 1685 495 vestri
1717 464 1756 495 de

99 515 177 546 orbe
207 515 304 545 armis
330 514 542 555 expulerunt,
572 514 716 545 induitis.
763 515 914 546 Mil-anda
949 526 999 545 res
1032 519 1063 546 et
1088 515 1182 546 nimis
1209 515 1384 557 stupenda,
1419 520 1468 551 ut,
1500 526 1633 557 quorum
1659 517 1757 547 vitam

100 577 229 608 semper
246 565 368 604 odistis,
387 567 540 608 exempla
558 567 728 598 imitemini
742 568 762 598 ¹.
798 567 909 608 Equos
928 568 1024 598 etiam
1046 570 1170 598 vestros
1189 568 1273 609 turpi
1293 567 1524 598 consuetudine
1548 567 1758 607 detruncatis,

99 629 194 650 nares
212 618 344 656 finditis,
370 629 464 649 aures
484 619 643 660 copulatis
661 629 772 650 verum
799 619 895 649 etiam
923 622 954 649 et
972 619 1084 649 surdas
1103 618 1247 656 redditis,
1274 619 1393 649 caudas
1412 620 1600 661 amputatis:
1627 623 1658 650 et
1683 620 1758 661 quia

98 672 170 702 illos
187 671 328 701 inlaesos
346 670 468 701 habere
486 671 634 712 potestis,
660 671 720 701 hoc
745 671 905 709 nolentes,
932 671 1056 702 cunctis
1083 670 1221 702 odibiles
1247 671 1393 702 redditis.
1430 672 1624 702 Audivimus
1650 673 1756 711 ctiam,

101 722 202 765 quod,
234 722 309 753 dum
335 723 420 753 inter
444 733 501 753 vos
527 723 665 764 litigium
690 726 852 759 versatur,
883 726 987 753 sortes
1013 734 1102 754 more
1127 723 1296 764 gentilium
1322 724 1458 754 mittitis.
1507 723 1599 759 Quod
1626 724 1756 754 omuino

98 775 292 816 sacrilegum
319 775 389 805 istis
414 775 613 816 temporibus
639 779 818 817 reputatur.
865 775 976 816 Equos
1003 776 1100 806 etiam
1126 776 1272 817 plerique
1297 776 1328 806 in
1347 775 1436 806 vobis
1462 775 1646 810 comedunt,
1673 775 1757 816 quod

97 827 205 858 nullus
230 827 479 858 christianorum
504 826 537 857 in
561 827 776 858 orientalibus
800 827 888 859 facit.
936 826 1030 862 Quod
1056 828 1153 858 etiam
1179 828 1312 859 evitate.
1360 826 1566 863 Contendite,
1591 831 1625 857 ut
1651 828 1757 858 omnia
1770 837 1920 859 1.‹t‹›1·.14,40.

97 882 204 911 vestra
228 879 366 910 honeste
391 882 424 910 et
449 879 628 910 seeundum
653 878 829 910 Dominum
854 880 944 911 fiant.

200 932 274 964 XX.
300 932 503 973 Vigesimum
529 934 636 974 caput.
683 930 842 962 Omnibus
868 931 1067 973 generaliter
1092 932 1322 965 intimavimus,
1352 934 1387 961 ut
1416 932 1507 962 iuxta
1531 932 1755 974 propheticam

98 995 212 1016 vocem
244 994 341 1026 agere
366 984 548 1022 decertent,
579 994 660 1025 quac
684 984 740 1014 ait:
768 983 887 1015 ‘Nolite
921 984 1050 1015 tardare
1077 984 1221 1015 converti
1247 984 1287 1015 ad
1312 984 1488 1014 Dominum
1514 995 1574 1014 nec
1599 984 1868 1016 differatisizccitfi.
1885 994 1902 1012 ε,

96 1037 136 1068 de
161 1036 212 1067 die
241 1037 274 1067 in
302 1035 409 1067 diem’.
456 1035 499 1066 Et
527 1036 617 1066 alibi:
644 1035 889 1067 ‘Convertimini
915 1036 955 1067 ad
989 1047 1040 1067 me
1073 1037 1105 1066 in
1137 1039 1204 1067 toto
1230 1036 1326 1067 corde
1353 1040 1471 1075 vestro,
1505 1036 1536 1066 in
1570 1036 1692 1067 ieiunio
1725 1040 1844 1068 stlat-12,
1862 1046 1892 1064 1¹2.

95 1089 174 1120 fletu
203 1091 237 1120 et
265 1086 420 1130 planctu’.
465 1087 564 1118 Item:
598 1087 846 1118 ‘Convertimini
876 1087 915 1118 ad
949 1099 1000 1119 me
1031 1090 1063 1119 et
1103 1099 1162 1129 ego
1194 1091 1365 1119 convertar
1396 1087 1437 1118 ad
1462 1086 1540 1119 vos'.
1594 1087 1635 1118 Et
1664 1089 1755 1118 iuxta
1767 1095 1895 1119 Za·;i1.1,³.

96 1141 296 1183 apostolum:
330 1138 549 1170 ‘Confitemini
573 1140 657 1171 alter
681 1140 774 1171 alteri
799 1144 935 1182 peccata
960 1145 1069 1171 vestra
1095 1144 1126 1170 et
1145 1144 1234 1171 orate
1260 1151 1317 1182 pro
1337 1140 1485 1179 invicem,
1511 1143 1546 1170 ut
1563 1138 1840 1175 salvemini',1ae.s,
1857 1148 1887 1166 16-

96 1203 136 1224 ne
155 1193 256 1224 ullum
274 1191 376 1234 (quod
394 1191 491 1232 absit)
510 1191 683 1222 subitanea
700 1203 787 1223 mors
805 1193 1001 1234 imparatum
1019 1193 1174 1223 inveniat.
1211 1192 1253 1223 Et
1271 1193 1361 1223 iuxta
1379 1192 1531 1223 iudicium
1549 1191 1755 1223 sacerdotum

97 1248 129 1276 et
153 1244 282 1276 modum
307 1244 421 1285 culpae
446 1243 676 1274 eucharistiam
701 1245 819 1275 sumite
845 1248 877 1275 et
901 1244 1024 1275 fructus
1049 1244 1165 1285 dignos
1191 1245 1432 1286 poenitentiaea
1455 1245 1565 1283 facite,
1590 1244 1755 1275 fructuosa
1767 1249 1848 1273 Luc&
1864 1252 1882 1269 ⁸·

94 1307 235 1338 namque
261 1296 464 1338 poenitentia
488 1299 538 1326 est
562 1295 706 1326 admissa
731 1296 850 1327 deflere
877 1300 909 1327 et
933 1297 1010 1327 fleta
1035 1297 1066 1327 in
1093 1296 1300 1338 postmodum
1326 1307 1389 1327 non
1415 1296 1595 1327 admittere.

200 1348 234 1379 Si
258 1349 330 1390 quis
356 1351 463 1379 autem
490 1347 589 1389 (quod
615 1347 716 1389 absit)
742 1349 810 1379 sine
838 1349 1040 1390 poenitentia
1065 1352 1119 1379 aut
1137 1349 1342 1379 confessione
1368 1349 1407 1379 de
1427 1349 1486 1379 hac
1504 1348 1575 1379 luce
1594 1348 1756 1383 discessit,

93 1411 150 1442 pro
175 1411 212 1432 eo
237 1401 368 1431 minime
394 1400 551 1431 orandum
583 1404 641 1431 est.
688 1400 805 1431 Nullus
831 1400 945 1431 enim*
971 1405 1115 1432 nostrum
1144 1401 1266 1442 absque
1300 1404 1436 1442 peccato
1466 1404 1530 1435 est,
1564 1411 1622 1432 nec
1651 1401 1796 1431 infans'f-
1813 1405 1856 1423 12⁶»

93 1454 189 1484 unius
220 1453 283 1484 diei
314 1452 443 1484 dicente
472 1453 637 1494 apostolo:
676 1452 721 1483 ‘Si
754 1453 950 1491 dixerimus,
988 1454 1064 1494 quia
1095 1459 1267 1495 peccatum
1303 1463 1365 1483 non
1400 1453 1573 1487 habemus,
1609 1453 1669 1493 ipsi
1699 1455 1901 1482 nos1·1·›h-1v³·

95 1506 280 1537 seducimus
306 1510 338 1537 et
361 1506 483 1536 veritas
509 1506 540 1536 in
565 1506 658 1536 nobis
683 1516 746 1536 non
772 1505 843 1537 est'.
891 1506 1086 1537 Penitemini
1112 1506 1210 1546 igitur
1235 1508 1267 1535 et
1293 1505 1533 1541 convertimini,
1565 1505 1639 1546 quia
1671 1514 1755 1534 mors

94 1569 158 1589 non
189 1558 312 1597 tardat,
342 1562 377 1589 ut
408 1558 580 1590 deleantur
611 1562 723 1589 nostra
753 1562 891 1600 peccata
924 1562 956 1589 et
988 1559 1042 1589 illa
1068 1559 1133 1588 vita
1169 1558 1237 1588 sine
1267 1558 1329 1588 fine
1354 1568 1507 1587 mansura
1535 1567 1606 1587 cum
1631 1556 1755 1597 angelis

95 1611 216 1642 sanctis
241 1611 362 1652 perfrui
387 1611 579 1641 mereamini
604 1621 662 1652 per
690 1621 774 1648 eum,
802 1611 855 1652 qui
880 1611 959 1641 vivit
985 1615 1016 1641 ct
1041 1614 1158 1651 regnat
1182 1611 1213 1640 in
1240 1610 1351 1640 secula
1376 1609 1569 1640 seculorum.

197 1663 289 1694 Haec
313 1673 453 1704 namque
478 1662 620 1699 decreta,
647 1663 837 1694 beatissime
863 1674 947 1704 papa
964 1662 1144 1698 Hadriane,
1170 1663 1201 1693 in
1227 1662 1365 1693 concilio
1391 1662 1520 1703 publico
1546 1671 1653 1692 coram
1678 1671 1755 1701 rege

93 1715 289 1746 Aelfuualdo
314 1719 347 1746 et
370 1715 617 1756 archiepiscopo
642 1714 813 1745 Eanbaldo
846 1720 878 1746 et
903 1715 1053 1745 onmibus
1082 1715 1244 1756 episcopis
1275 1719 1307 1745 et
1331 1715 1504 1745 abbatibus
1530 1714 1670 1754 regionis
1697 1724 1754 1743 scu

95 1767 317 1804 senatoribus,
343 1767 478 1797 ducibus
504 1770 535 1797 ct
559 1767 677 1808 populo
703 1770 787 1805 terre
812 1768 1038 1809 proposuimus
1066 1772 1097 1797 et
1122 1767 1187 1801 illi,
1213 1772 1247 1797 ut
1273 1767 1423 1807 superius
1449 1766 1505 1796 fati
1533 1776 1653 1798 sumus,
1682 1776 1753 1795 cum

93 1820 180 1850 omni
204 1819 379 1850 devotione
404 1820 520 1850 mentis
546 1820 638 1850 iuxta
663 1820 912 1861 possibilitatem
932 1821 1048 1850 virium
1075 1830 1206 1850 suarum
1225 1819 1400 1849 adiuvante
1421 1828 1562 1859 superna
1581 1818 1754 1848 clementia

93 1882 127 1902 se
151 1872 183 1902 iu
207 1871 356 1902 omnibus
382 1871 545 1902 custodire
571 1870 780 1908 devoverunt,
806 1872 897 1913 signo
924 1876 1035 1902 sancte
1054 1872 1157 1902 crucis
1183 1871 1214 1901 in
1243 1871 1312 1901 vice
1338 1875 1449 1901 nostra
1474 1870 1505 1899 in
1532 1880 1627 1899 manu
1646 1873 1755 1899 nostra

93 1923 380 1960 confirmaverunt,
413 1927 445 1954 et
468 1926 585 1964 postea
617 1924 690 1954 stilo
724 1923 874 1965 diligenti
907 1925 938 1955 in
970 1924 1083 1955 charta
1111 1923 1207 1954 huius
1233 1924 1349 1964 pagine
1374 1924 1593 1953 exaraverunt
1627 1920 1754 1961 signum

94 1978 205 2012 sancte
229 1975 331 2006 crucis
356 1974 529 2016 infigentes
555 1975 618 2005 ita:

198 2026 268 2068 Ego
288 2026 489 2063 Eanbaldus,
507 2027 612 2067 gratia
628 2026 689 2057 Dei
709 2027 976 2069 archiepiscopus
995 2030 1105 2065 sancte
1120 2026 1338 2057 Eboracensis
1358 2025 1505 2062 ecclesie,
1522 2024 1617 2054 huius
1634 2023 1754 2061 cartule

93 2079 143 2121 pie
168 2083 201 2110 et
225 2079 382 2116 catholice
406 2079 564 2110 taxationi
591 2079 683 2120 signo
710 2084 820 2117 sancte
845 2080 949 2110 crucis
975 2079 1163 2120 subscripsi.

195 2131 266 2172 Ego
296 2131 530 2169 Aelfuualdus,
569 2130 854 2173 Transhymbrane
885 2132 993 2172 gentis
1026 2142 1098 2170 rex,
1137 2131 1344 2161 consentiens
1378 2130 1470 2170 signo
1508 2131 1617 2165 sancte
1651 2127 1753 2157 crucis

92 2183 282 2225 subscripsi.

195 2235 266 2277 Ego
301 2235 506 2271 Tilberthus,
548 2235 792 2277 Agustadensis
829 2236 964 2274 ecclesie
999 2235 1141 2277 presul2,
1185 2234 1332 2276 gaudens
1372 2234 1463 2274 siguo
1500 2236 1608 2269 sancte
1649 2231 1753 2261 crucis

94 2287 283 2329 subscripsi.

196 2339 288 2380 *Ego
305 2339 510 2381 Hygbaldus,
534 2340 809 2371 Lindisfarnensis
827 2341 964 2378 ecclesie
983 2341 1156 2381 episcopus
1169 2340 1190 2378 ³,
1215 2338 1391 2369 oboediens
1410 2338 1502 2378 signo
1521 2339 1631 2373 sancte
1649 2335 1753 2365 crucis
1766 2341 1789 2360 'f
1811 2343 1863 2363 κε’.

92 2391 281 2433 subscripsi.

194 2443 266 2484 Ego
301 2443 553 2483 Aedilberthus,
595 2444 901 2482 Candentis-caseb
941 2444 1146 2485 episcopusfl
1189 2443 1328 2484 supplex
1368 2442 1459 2482 signo
1500 2443 1608 2477 sancte
1647 2439 1750 2469 crucis

91 2495 280 2536 subscripsi.

195 2660 219 2685 3.
256 2660 278 2692 Ε)
297 2661 454 2693 poenitentia
475 2662 541 2686 vent,
648 2661 672 2693 b)
693 2663 913 2694 Candensis-casc
936 2662 962 2693 0,
981 2671 1047 2686 corr.
1064 2660 1233 2685 Watlenhach.

196 2748 220 2780 1)
241 2746 281 2778 Cf.
300 2747 377 2778 infra
396 2747 468 2779 epist.
490 2751 528 2773 16.
611 2749 637 2781 2)
662 2747 808 2773 Tilbcrthus
829 2756 866 2780 ep.
888 2746 1112 2780 [Mynlstmlensis
1131 2745 1275 2777 (IIciclmm)
1298 2748 1383 2770 251*
1397 2747 1450 2769 7-5'9.
1539 2744 1564 2773 3)
1587 2746 1634 2768 730
1647 2757 1675 2759 Ἀ
1692 2744 1750 2767 ⁸03.

89 2790 116 2823 4)
135 2790 306 2823 Aethelbyrht
327 2798 368 2823 ep.
391 2789 618 2816 &andalae-casae
637 2792 688 2816 sire
708 2791 889 2819 wite-nensis,
907 2799 982 2823 pror.
1000 2789 1172 2815 Glasczwnsis
1195 2791 1329 2814 771‘*7·w.

1512 2848 1542 2872 4*
