2089 3171
64 711 88 729 10

64 973 88 991 15

63 1232 88 1250 20

64 1762 88 1780 25

65 1995 90 2013 3⁰

66 2316 91 2334 35

67 2670 94 2689 40

662 150 813 177 ALCVINI
832 150 1044 177 EPISTOLAE.
1082 151 1139 178 193.
1160 152 1217 177 194.
1705 154 1760 183 321

114 236 283 268 nobiscum
308 238 376 268 fuit.
402 238 518 268 bonam
544 237 656 268 habuit
681 237 882 267 voluntatem
908 240 940 267 et
958 237 1184 269 humilitatem.
1211 249 1267 269 seu
1294 239 1324 269 in
1346 239 1482 268 servicio
1501 238 1561 269 Dei
1586 249 1642 269 seu
1668 239 1765 269 etiam
1800 240 1861 269 §oo

114 290 144 320 in
176 289 323 320 lectionis
355 289 472 320 studio.
518 289 561 319 Et
585 288 736 330 quicquid
767 289 820 319 ille
847 290 1058 330 accepisset'.
1094 291 1144 320 fac
1181 300 1254 320 eum
1279 290 1411 331 partiri³¹
1436 301 1506 320 cum
1534 290 1695 331 plurimis:
1732 293 1767 320 ut
1799 280 1910 302 '1³¹¹'w'

115 352 221 372 sermo
247 341 309 372 Dei
334 345 460 372 crescat
482 342 513 372 in
539 341 689 372 ecclesia.
714 341 764 371 cui
789 339 861 370 Deo
887 340 1096 381 dispensante
1122 341 1298 372 deservies.

219 392 347 424 Saluta.
381 393 532 429 obsecro,
565 402 677 422 omnes
709 391 827 422 fratres
853 396 981 421 nostros
1010 392 1040 422 in
1073 402 1152 433 pace
1183 397 1215 423 et
1241 393 1374 423 caritate
1400 398 1590 434 patremque
1622 397 1766 424 nostrum

116 444 258 475 Alimum
285 443 515 486 episcopumb2
539 448 571 474 et
594 447 719 474 ceteros
745 443 996 473 consacerdotes
1020 448 1154 474 vestros
1192 443 1332 474 Hortare
1358 445 1430 475 illos
1455 456 1585 486 semper
1608 444 1647 475 ad
1674 456 1767 486 prae-

113 495 284 526 dicationis
310 496 460 526 officium.
508 495 688 526 Memento.
722 494 796 524 dum
822 494 955 535 pallium
980 495 1158 535 accepisti3
1182 495 1240 525 abc
1265 496 1446 536 apostolica
1471 496 1564 527 sede.
1600 497 1702 527 maius
1736 501 1766 527 te

114 549 280 590 accepisse
305 559 384 579 onus
410 552 442 578 et
466 547 644 578 debitorem
670 557 741 577 esse
767 547 854 577 omni
878 557 1038 587 personae
1074 553 1105 577 et
1131 547 1302 588 dignitatid
1327 547 1519 579 fiducialiter
1546 548 1679 579 verbum
1705 548 1766 579 Dei

114 599 314 641 praedicare.
350 599 436 631 Noli.
461 599 526 630 noli
551 602 676 629 tacere:
702 598 760 629 sed
786 599 890 629 clama
914 602 946 629 et
970 609 1033 628 non
1060 609 1181 629 cesses¹
1207 599 1318 629 exalta
1343 600 1427 629 sicut
1452 600 1528 630 tuba
1549 610 1660 631 vocem
1679 605 1766 630 tuam
1778 612 1828 631 lsai.
1846 615 1877 632 ss.
1895 616 1911 632 ι.

115 655 148 682 et
172 651 307 682 ostende
333 651 484 682 omnibus
509 651 592 680 viam
619 651 733 681 salutis
758 654 929 681 aeternae.
955 654 987 681 et
1011 650 1076 680 dic:
1104 650 1259 681 Currite.
1292 651 1372 682 haec
1397 656 1446 681 est
1472 652 1520 682 via
1548 653 1651 691 regia.
1688 652 1767 682 haec

117 708 166 734 est
183 707 285 734 strata
302 702 443 744 publica.
470 713 552 743 quae
577 701 664 732 ducit
689 702 729 732 ad
753 702 912 743 palacium
937 701 989 732 dei
1008 701 1142 733 Christi:
1168 703 1199 732 in
1223 712 1285 743 quo
1311 706 1361 732 est
1386 713 1459 743 pax.
1490 703 1577 733 laus⁰
1605 708 1636 733 et
1653 704 1768 744 gloria.

115 755 154 786 ad
180 754 294 796 quemf
315 755 543 796 pervenientes
568 765 730 785 memores
755 758 858 784 estote
884 753 968 785 mei'.

217 806 396 838 Kalendis&
425 806 618 838 Novembris
650 807 840 837 solemnitas
873 806 1013 836 omnium
1048 810 1233 844 sanctorum
1248 806 1270 837 4.
1329 805 1430 837 Ecce.
1463 807 1645 838 venerande
1678 811 1770 848 pater

116 859 216 897 Arne,
241 858 342 890 habes
367 859 570 899 designatam
597 858 837 889 solemnitatem
865 859 1005 889 omnium
1033 862 1228 889 sanctorum.
1255 858 1339 888 sicut
1364 858 1516 889 diximus.
1564 858 1667 894 Quam
1694 870 1768 889 con-

115 911 204 942 tinue
229 911 260 941 in
285 914 394 942 mente
422 911 563 942 retineas
588 914 620 941 et
645 920 773 951 semper
790 911 1014 941 anniversario
1034 913 1180 951 tempore
1200 910 1305 940 colere
1326 920 1386 940 non
1405 910 1562 941 desistas:
1587 911 1769 942 adtendens

116 962 194 994 illud
219 965 251 993 ct
274 963 398 993 intente
425 962 644 997 considerans,
669 962 838 1003 quoniam.
872 962 897 992 si
922 961 1054 996 Helias,
1091 972 1172 992 unus
1205 973 1245 993 ex
1270 962 1333 992 illis
1366 963 1397 993 in
1423 968 1533 993 vetere
1559 967 1885 997 testamento.11m:..17
1905 979 1932 997 1².

115 1015 262 1046 oratione
287 1025 354 1046 sua.
380 1014 455 1046 dum
473 1015 585 1047 voluit.
611 1013 762 1046 claudere
780 1013 906 1045 caelum
925 1014 1029 1055 potuit
1047 1014 1364 1055 praevaricatoribus
1390 1018 1421 1044 et
1439 1015 1566 1055 aperire
1592 1016 1769 1046 conversis.

115 1069 235 1108 quanto
261 1067 364 1107 magis
390 1077 502 1097 omnes
520 1066 623 1097 sancti
648 1066 679 1096 in
704 1076 786 1096 novo
806 1068 1027 1097 testamento?
1054 1066 1108 1097 ubi
1134 1066 1180 1097 eis
1199 1066 1386 1108 specialiter
1410 1070 1441 1096 et
1464 1066 1637 1108 patenter-¹¹
1663 1067 1770 1098 claves

115 1118 206 1159 regni
232 1119 383 1150 caelestis
403 1118 611 1150 commissaei
636 1121 719 1148 sunt.
745 1123 777 1148 et
801 1117 955 1148 claudere
980 1118 1104 1148 caelum
1130 1122 1267 1159 possunt
1292 1118 1469 1149 incredulis
1495 1123 1526 1149 et
1550 1119 1675 1160 aperire
1701 1130 1934 1150 cre-,xiszmmsts

115 1170 282 1207 dentibus,
319 1171 345 1201 si
378 1170 491 1201 intima
521 1170 693 1201 dilectione
717 1169 973 1200 honorificantur
997 1180 1015 1200 a
1039 1169 1190 1200 fidelibus
1223 1174 1255 1200 et
1280 1170 1430 1201 coluntur
1454 1170 1691 1211 glorificatione
1725 1171 1771 1201 eis

116 1221 287 1262 condigna.
335 1221 430 1257 Quod
454 1225 489 1252 ut
512 1222 581 1253 fieri
605 1221 702 1262 digne
727 1222 830 1263 possit
854 1233 873 1252 a
897 1221 1003 1258 nobis,
1035 1222 1143 1252 lumen
1169 1232 1296 1252 verum.
1331 1222 1414 1263 quod
1440 1222 1610 1252 inluminat
1643 1233 1827 1253 omnemloh.
1844 1237 1862 1254 1.
1878 1236 1897 1254 s.

115 1273 294 1304 hominem.
320 1273 469 1304 Christus
494 1273 588 1305 Iesus
614 1274 785 1304 inluminet
811 1273 907 1304 corda
933 1278 1060 1304 nostra.
1087 1277 1119 1304 et
1142 1284 1207 1315 pax
1232 1274 1305 1305 Dei.
1331 1285 1413 1315 quae
1440 1278 1619 1316 exsuperat
1644 1285 1910 1306 01nnen1rh11.4.i.

114 1335 256 1363 sensum,
281 1336 338 1367 per
363 1326 630 1357 intercessionem
655 1326 795 1356 oninium
813 1329 997 1356 sanctorum
1015 1326 1096 1361 eius,
1122 1326 1284 1357 custodiat
1303 1336 1339 1356 ea
1357 1336 1458 1366 usque
1477 1326 1508 1355 in
1527 1325 1612 1356 diem
1631 1326 1771 1357 aeterni-

115 1378 201 1408 tatis.
239 1377 334 1408 Hanc
352 1378 590 1409 solemnitatem
609 1378 850 1409 sanctissimam
869 1377 971 1408 tribus
989 1377 1105 1409 diebus
1125 1377 1311 1410 ieiunando.
1330 1376 1463 1409 orando.
1482 1377 1597 1408 missas
1617 1377 1771 1409 canendo.

115 1433 147 1460 et
172 1429 358 1460 elimosinas
383 1429 488 1460 dando
515 1441 571 1472 pro
598 1430 737 1460 invicem
764 1430 891 1460 sincera
915 1429 1088 1461 devotione
1116 1430 1339 1472 precedamus.

913 1691 979 1720 194.

220 1750 374 1781 Alcvinus
402 1750 531 1781 Arnonz'
564 1749 792 1790 archiepiscopo
826 1749 1061 1788 ,Salisbmyensi
1093 1759 1152 1788 pro
1188 1749 1369 1780 nzuneribns
1405 1750 1510 1779 missis
1543 1750 1666 1789 gyratias
1699 1750 1772 1789 αμίί.

115 1801 215 1834 Addit
242 1801 279 1832 cle
301 1801 514 1840 disputatione
543 1811 610 1832 cum
633 1801 738 1832 Felice
761 1801 899 1840 episcopo
930 1801 1125 1840 Urslelle'lano
1153 1801 1312 1835 habenda,-
1347 1801 1397 1831 cui
1425 1802 1453 1831 ct
1476 1800 1651 1831 Paulinam
1670 1802 1773 1840 lutfri-

115 1853 244 1885 archam
267 1853 500 1893 Aquileiensem
523 1855 552 1883 ct
574 1854 736 1884 Arnonem
761 1853 905 1883 interesse
929 1853 1024 1892 cupit.
1068 1852 1117 1883 Dc
1142 1853 1233 1883 libris
1257 1853 1467 1889 1·cmitlcmlis;
1490 1853 1526 1883 dc
1550 1853 1724 1884 Adclberto.

1431 1906 1494 1934 800
1516 1904 1617 1935 Mart.
1637 1906 1686 1934 19.

223 1947 304 1974 Gosld.
324 1948 367 1974 Sl
384 1948 593 1979 fol.134‘-135¹
613 1947 648 1979 (S
659 1949 690 1973 1*
710 1947 756 1979 fol.
768 1950 896 1980 35¹—37).

220 1991 291 2018 Edd.
310 1991 340 2018 F
353 1995 388 2022 77,
407 1992 427 2017 J
439 1994 491 2018 135.
512 2006 542 2010 -—
564 1991 659 2025 Migyne
677 1991 722 2017 col.
738 1994 794 2017 296.

505 2098 745 2122 DILECTISSIMO
764 2097 855 2121 FILIO
875 2097 1027 2128 AQUILAE
1048 2097 1194 2121 ALBINUS
1213 2097 1382 2120 SALUTEM.

225 2148 382 2190 Acceptis
407 2149 667 2181 sacerdotalibus
692 2149 875 2180 dilectionis
901 2152 976 2179 tuae
1002 2148 1190 2180 muneribus
1217 2159 1289 2179 cum
1308 2158 1425 2189 magno
1444 2147 1563 2188 gaudio
1589 2152 1620 2178 ot
1638 2148 1771 2183 laetitia.

118 2201 212 2232 simul
248 2205 280 2231 et
305 2201 507 2232 suavissimis
532 2201 663 2239 litteris.
695 2201 726 2231 in
762 2200 878 2242 quibus
904 2201 990 2231 omni
1016 2200 1089 2231 favo
1114 2200 1238 2231 dulcior
1263 2199 1430 2230 redolebat
1456 2199 1531 2229 mihi
1558 2199 1683 2229 caritas.
1732 2199 1772 2229 Et

120 2263 215 2294 quam
242 2253 373 2294 saepius
397 2253 532 2294 probavi
557 2263 686 2295 semper
710 2253 824 2283 amavi.
861 2252 903 2283 Et
927 2251 1066 2293 quadam
1090 2251 1309 2282 familiaritate
1334 2251 1418 2281 intra
1443 2250 1548 2281 cordis
1573 2251 1635 2281 mei
1654 2261 1772 2281 arcana

119 2305 212 2347 quasi
246 2304 436 2336 thesaurum
468 2305 682 2336 desiderabile
720 2308 795 2335 tuae
835 2304 928 2335 faciei
961 2307 993 2334 et
1031 2303 1170 2334 nominis
1204 2302 1360 2334 memoria
1392 2302 1592 2334 reconditur.
1625 2306 1657 2333 ct
1687 2302 1772 2343 quod

117 2357 244 2398 nigrum
269 2357 300 2387 in
325 2357 449 2399 capillis
474 2349 623 2388 videtur5
649 2356 818 2388 candidum
845 2356 875 2386 in
902 2355 997 2387 corde
1023 2359 1158 2387 amatur.

222 2504 246 2537 ²)
266 2506 361 2537 partire
381 2506 402 2531 S
412 2509 433 2530 1.
530 2504 554 2537 b)
573 2505 620 2538 epo
641 2506 662 2529 S
671 2508 691 2529 1.
790 2504 813 2537 c)
833 2505 865 2529 ab
884 2505 986 2529 mldidit
1005 2504 1157 2529 Frobenius.
1255 2502 1279 2531 d)
1299 2503 1421 2534 dignitate
1442 2503 1462 2523 Ν
1474 2505 1492 2524 1.
1589 2504 1611 2521 ⁰1
1633 2501 1703 2525 locus
1723 2501 1744 2525 S
1755 2504 1773 2525 1.

119 2546 144 2579 s)
163 2556 214 2580 quo
234 2548 286 2573 Sl.
359 2548 384 2580 8)
405 2549 529 2574 Kalendis
548 2562 580 2565 —
600 2549 796 2580 praecedamus,
824 2556 889 2579 quae
909 2548 954 2576 sol.
971 2550 1024 2572 148¹
1045 2547 1138 2571 codicis
1159 2546 1201 2570 Sl
1221 2550 1329 2574 <ss-eant,
1350 2544 1473 2568 librarius
1493 2544 1524 2567 ab
1543 2544 1649 2574 epistola
1668 2552 1772 2575 praecc-

120 2591 193 2616 (lenle
212 2599 336 2623 separare
353 2592 461 2616 voluisse
479 2591 586 2622 videtur,
605 2600 652 2616 om.
674 2592 695 2615 S
708 2591 749 2616 1³⁸².
821 2590 847 2622 ¹¹)
867 2592 992 2623 patienter
1013 2591 1033 2615 S
1046 2594 1062 2614 1.
1135 2589 1151 2615 ἱ)
1171 2589 1290 2617 comunis-‚²
1312 2589 1362 2612 15¹1.

226 2668 251 2701 1)
277 2666 418 2693 didicisset.
524 2668 550 2694 2,
576 2668 775 2699 Sabionwrscm,
803 2668 834 2699 of.
854 2667 949 2692 librum
968 2665 1183 2697 confraternitat.
1206 2667 1230 2689 N.
1246 2664 1321 2689 Pclri
1340 2663 1457 2692 (chrol.
1482 2662 1644 2687 Gernumiac
1664 2662 1703 2691 ΙΙ,
1725 2665 1773 2695 12),

122 2712 167 2738 nbi
194 2712 225 2737 in
253 2711 347 2737 ordine
370 2711 550 2744 episcopormn
580 2712 695 2737 vicorum
721 2714 828 2737 coeam·
853 2711 927 2736 Alini
955 2711 1035 2743 episc.
1061 2712 1089 2735 ct
1117 2718 1209 2741 congr.
1237 2707 1334 2741 ipsius:
1368 2706 1438 2731 Puct.
1465 2706 1525 2731 Cur.
1550 2705 1592 2737 ΙΙ,
1618 2709 1667 2731 631)
1695 2705 1723 2737 1',
1751 2711 1774 2731 5.

120 2756 146 2787 3)
164 2763 239 2781 anno
260 2758 320 2786 798;
344 2762 364 2780 r.
382 2762 467 2787 supra
483 2762 509 2787 p.
524 2758 574 2781 246
593 2763 618 2780 η.
634 2760 659 2787 1,·
678 2763 706 2787 p.
721 2758 771 2781 ‘286
789 2763 814 2779 η.
831 2758 853 2780 .3.
959 2755 985 2783 ⁴1)
1009 2754 1049 2785 Cf.
1069 2752 1105 2778 ad
1122 2752 1192 2777 hunc
1210 2751 1295 2776 locum
1316 2748 1416 2775 Ham-k
1437 2748 1634 2781 Ii'irdienglcsclz.
1656 2748 1694 2779 ΙΙ,
1714 2752 1774 2774 409.

121 2800 147 2831 ὁ)
168 2798 209 2830 Cf.
229 2806 269 2831 ep.
285 2801 332 2824 239
352 2798 438 2830 infra:
457 2807 512 2824 non
532 2800 646 2832 propter
664 2798 758 2831 nigros
778 2797 805 2823 in
826 2797 918 2831 capite
938 2796 1060 2830 capillos.

225 2849 373 2876 Emsmm
392 2849 438 2876 IV.
1407 2862 1410 2866 .
1540 2842 1571 2867 41
