2089 3171
63 706 86 723 10

62 965 85 983 15

59 1223 84 1242 20

59 1486 83 1504 25

60 1745 86 1764 3⁰

61 2006 86 2025 ³5

58 2584 84 2604 4⁵

58 2810 84 2828 50

317 140 517 167 EPISTOLAE
531 141 723 168 VARIORUM
745 143 886 169 ‹JARoLo
908 144 1036 170 MAuNo
1057 145 1259 171 REGNANTE
1278 146 1460 172 SCRIPTAl-I.
1497 148 1536 172 ἰὲῖ),
1558 149 1598 172 36.
1697 150 1756 178 553

113 227 231 268 aliquid
257 237 328 258 esse
358 227 451 266 nihil,
482 227 556 259 dum
588 228 678 259 dicit:
711 229 858 260 ·Videtu1·
882 231 959 261 mihi
989 231 1068 262 nihil
1094 231 1188 263 esse'.
1236 232 1327 267 Quod
1353 234 1417 265 tale
1443 239 1509 265 est.
1541 234 1632 276 quasi
1657 234 1756 264 dicat:
1791 235 1958 266 Sei-814

113 278 262 309 *Videtur
286 279 361 309 mihi
387 279 465 310 nihi]
490 280 642 320 quiddam
668 280 762 312 esse'.
809 282 930 316 Quodsi
956 283 1076 324 aliquid
1102 295 1173 314 esse
1199 284 1334 315 videtur.
1366 291 1399 315 ut
1425 296 1487 316 non
1513 287 1568 317 sit.
1603 285 1757 327 quodam-

91 330 207 371 *modo
232 331 332 362 videri
358 341 418 361 non
444 336 566 373 potest:
593 333 741 373 quocirca
760 334 961 375 relinquitur.
986 339 1020 365 ut
1045 335 1164 376 aliquid
1190 346 1261 366 esse
1287 336 1444 367 videatur.
1486 337 1519 368 Si
1547 348 1620 368 vcro
1645 337 1756 368 huius-

114 381 218 412 n10di³
238 384 291 412 flat
310 384 488 424 responsio:
514 383 664 414 ·Videtur
687 384 764 414 mihi
789 385 869 415 nihil
893 396 952 416 nec
978 386 1099 427 aliquid
1125 386 1220 419 esse‘.
1246 387 1318 418 huic
1337 389 1539 429 responsioni
1561 388 1756 419 obviandum

115 438 172 464 est.
198 434 336 475 primum
361 435 499 466 ratione.
531 435 562 465 in
587 440 741 476 quantum
767 437 905 468 hominis
930 439 1010 468 ratio
1041 439 1177 479 patitur:
1209 439 1327 470 deinde
1353 441 1559 471 auctoritate.
1592 451 1654 471 non
1679 451 1757 481 qua—

112 485 201 523 libet,
227 485 283 516 sed
309 485 438 517 divinab
462 486 640 518 dumtaxat.
667 499 728 529 que
754 489 822 520 sola
847 490 1022 520 auctoritas
1049 495 1099 521 est
1124 491 1258 532 solaque
1283 491 1479 522 immobilem
1506 492 1634 522 obtinet
1658 492 1757 522 firmi-

112 541 221 568 tatem.
267 538 414 579 Agamus
440 539 549 580 itaque
575 540 710 572 ratione.

216 590 320 620 Omne
345 590 473 631 itaquec
497 601 614 621 nomen
640 591 762 622 finitum
795 592 915 634 aliquid
946 593 1121 633 significat.
1156 599 1190 625 ut
1215 595 1326 625 homo.
1359 595 1453 636 Iapis.
1487 596 1619 636 lignum.
1666 595 1758 626 Haec

112 641 196 671 enim
219 641 287 671 utid
312 641 397 672 dieta
429 642 561 673 fuerint.
598 644 693 674 simul
719 655 784 675 res.
818 650 919 685 quase
951 645 1150 685 significant.
1184 646 1416 688 intellegimus.
1465 646 1592 688 Quippe
1618 648 1758 678 hominis

115 703 229 724 nomen
248 697 377 734 praeter
392 693 606 725 differentiam
625 695 766 736 aliquam
790 696 930 737 positum
953 697 1233 728 universalitatem
1257 698 1421 729 hominum
1446 698 1606 739 designat.
1646 698 1762 740 Lapiss

112 749 145 775 et
169 744 291 786 lignum
315 755 404 775 suam
431 746 579 777 similiter
603 748 850 788 generalitatem
878 749 1158 790 conplectuntur?
1207 749 1310 791 Igitur
1334 750 1422 782 nihil.
1450 750 1498 780 sih
1523 750 1617 780 modo
1643 761 1759 781 nomen

112 800 172 835 est,
196 800 231 828 ut
255 798 456 838 grammatici
481 804 645 830 asserunt.
677 800 801 830 finitum
829 810 945 830 nomen
971 804 1029 830 est.
1077 799 1180 831 Omne
1210 804 1320 831 autem
1346 811 1463 832 nomeu
1488 801 1612 832 finitum
1639 802 1759 842 aliquid

112 849 280 890 significat.
327 848 437 890 Ipsum
464 861 539 881 vero
570 850 691 892 aliquid
723 851 846 882 finitum
880 856 913 882 ut
941 861 1004 881 non
1034 852 1075 882 sit
1106 852 1243 893 aliquid.
1275 852 1464 893 inpossibile
1491 861 1549 883 est.
1576 858 1610 883 ut
1635 854 1758 884 finitum

112 900 232 943 aliquid
256 911 320 932 non
345 902 401 940 sit.
431 902 619 943 inpossibile
653 906 716 933 est.
748 907 782 933 ut
807 903 884 933 nihil
915 903 1000 944 quod
1031 904 1155 934 finitum
1188 910 1249 934 est.
1284 915 1346 934 non
1378 905 1417 934 sit
1446 905 1578 946 aliquid.
1626 906 1673 936 Ac
1704 916 1760 946 per

112 953 172 984 hoc
201 964 274 984 esse
304 953 471 995 probabile
504 960 563 985 est.
611 954 692 985 Item
723 955 801 985 nihil
829 965 889 985 vox
914 955 1131 996 significativa
1156 960 1214 987 est.
1261 955 1374 987 Omnis
1405 961 1512 987 autem
1543 957 1760 998 significatioh

111 1005 150 1036 ad
176 1004 207 1036 id
231 1005 315 1046 quod
339 1005 500 1046 significat
523 1006 670 1036 refertur.
717 1005 768 1037 Ex
794 1006 851 1037 hoe
877 1007 973 1037 etiam
1003 1007 1160 1048 probatur
1189 1017 1251 1037 non
1278 1018 1374 1048 posse
1405 1008 1525 1049 aliquid
1553 1019 1614 1038 non
1639 1008 1761 1049 possei.

111 1056 194 1088 Item
223 1057 327 1088 aliud:
362 1057 473 1088 Omnis
505 1058 697 1099 significatio
727 1059 795 1089 eius
829 1058 1021 1099 significatio
1054 1064 1117 1089 est.
1149 1058 1232 1099 quod
1258 1064 1316 1090 est.
1363 1059 1452 1090 Nihil
1477 1059 1608 1090 autemk
1641 1060 1761 1101 aliquid

111 1109 282 1150 significat.
326 1108 430 1150 Igitur
452 1109 530 1140 nihil
555 1110 624 1140 eius
645 1110 837 1151 significatio
862 1114 911 1140 est
938 1110 1037 1151 quodl
1063 1115 1121 1143 est.
1147 1110 1179 1141 id
1204 1116 1253 1141 est
1277 1111 1323 1142 rei
1343 1112 1554 1142 existentism.

214 1161 374 1197 Quoniam
400 1172 474 1193 vero
499 1162 539 1193 ad
563 1161 868 1194 demonstrandum.
899 1162 983 1204 quod
1014 1173 1077 1193 non
1109 1163 1210 1193 solum
1236 1163 1358 1204 aliquid
1389 1164 1428 1194 sit
1453 1164 1548 1194 nihil.
1581 1163 1638 1194 sed
1663 1164 1761 1195 etiam

113 1223 264 1254 magnum
282 1213 444 1255 quiddam.
462 1215 573 1255 paucis
598 1218 703 1244 actum
729 1218 778 1245 est
796 1215 929 1247 ratione.
953 1225 1025 1245 cum
1043 1219 1152 1246 tamen
1171 1216 1295 1257 possint
1312 1216 1494 1247 huiusmodi
1520 1216 1689 1258 exemplan
1714 1217 1762 1247 in-

111 1275 245 1296 numera
262 1266 397 1307 proferri
421 1266 474 1296 in⁰
497 1265 649 1303 medium.
674 1266 714 1297 ad
738 1266 879 1297 divinam
897 1267 1123 1298 auctoritatem
1142 1277 1306 1299 recurrere
1323 1268 1412 1299 libet.
1437 1278 1520 1309 quae
1539 1272 1588 1299 est
1606 1269 1763 1299 rationisP

112 1316 277 1348 munimen
300 1321 333 1348 et
349 1317 466 1349 stabile
483 1318 737 1349 firmamentum:
755 1318 914 1360 siquidem
931 1319 1082 1349 universa
1099 1320 1263 1351 eeclesias
1280 1319 1432 1351 divinitus
1450 1320 1585 1351 erudita.
1604 1331 1686 1361 quae
1704 1326 1763 1351 ex‘

112 1367 232 1400 Christi
256 1369 358 1400 latere
389 1374 458 1401 orta
489 1370 709 1401 sacratissime
742 1371 846 1401 earnis
873 1371 942 1401 eius
973 1371 1092 1412 pabulo
1117 1372 1320 1413 preciosique
1345 1372 1511 1413 sanguinis
1535 1373 1651 1413 poculo
1677 1372 1754 1403 edu-

111 1424 201 1452 cata⁵
225 1421 265 1452 ab
289 1422 367 1463 ipsis
391 1421 577 1453 cunabulis*
601 1426 799 1453 secretorum
825 1423 998 1454 misteriisu
1027 1424 1184 1462 instituta,
1213 1424 1407 1455 inconeussa
1439 1425 1501 1455 fide
1537 1429 1648 1455 tenere
1681 1435 1756 1456 eon-

113 1473 221 1504 fitetur
249 1473 388 1505 divinam
420 1475 598 1516 potentiam
629 1477 792 1516 operatam
817 1486 889 1506 esse
921 1481 983 1506 exv
1007 1475 1106 1506 nihilo
1135 1479 1269 1511 terram.
1303 1487 1433 1518 aquam.
1469 1487 1543 1507 aera
1578 1480 1609 1508 et
1640 1477 1758 1518 ignem.

111 1525 215 1556 lucem
248 1535 375 1567 quoque
407 1530 439 1557 et
469 1527 620 1568 angelos.
654 1530 750 1568 atque
783 1527 921 1557 animam
953 1527 1126 1558 hominiSW.
1178 1526 1366 1568 Erige-uda*
1391 1532 1440 1558 est
1470 1528 1566 1568 igitur
1598 1528 1637 1559 ad
1663 1529 1762 1559 tanti—v

112 1578 261 1609 culminis
278 1579 505 1609 auctoritatem
530 1579 647 1610 mentis
669 1579 768 1616 acies.
793 1589 874 1620 quae
893 1579 980 1609 nulla
997 1579 1120 1610 ratione
1143 1580 1270 1610 cassari.
1297 1580 1394 1610 nullis
1411 1581 1629 1621 argumentisz
1647 1581 1763 1614 refelli.

112 1629 209 1661 nullis
232 1633 342 1672 potest
365 1630 490 1662 viribus
514 1631 698 1672 inpugnari.
746 1630 839 1661 Haeo
864 1631 972 1662 enima
997 1636 1060 1667 est.
1095 1641 1176 1673 quae
1200 1632 1369 1673 praedicat
1397 1643 1452 1662 ea.
1479 1643 1540 1673 que
1566 1633 1648 1663 inter
1672 1644 1762 1664 erea-

112 1686 200 1713 turas
224 1682 347 1724 primab
371 1692 408 1714 ae
430 1683 607 1724 praecipua
632 1686 715 1713 sunt.
742 1688 804 1713 exc
828 1683 927 1713 nihilo
953 1683 1090 1714 condita.
1137 1683 1241 1725 Igitur
1264 1684 1343 1714 nihil
1370 1694 1524 1725 magnum
1548 1684 1701 1725 quiddam
1726 1696 1763 1716 ao

112 1734 294 1775 preclarum
312 1738 361 1765 est
377 1737 596 1775 quantumque
614 1735 663 1768 sit.
688 1734 774 1765 unde
799 1739 888 1765 tanta
912 1739 943 1765 et
968 1739 1033 1765 tam
1058 1735 1204 1776 preclara
1228 1740 1328 1766 suntc.
1353 1736 1590 1766 aestimandum
1615 1747 1678 1767 non
1704 1742 1763 1768 est.

112 1784 240 1828 Quippe
265 1796 337 1817 cum
361 1796 459 1816 unum
483 1786 614 1823 horum,
641 1797 723 1828 quae
749 1797 788 1817 ex
814 1797 851 1818 eo
875 1787 986 1827 genita
1011 1790 1099 1824 sunt.
1126 1788 1290 1818 aestimari
1318 1787 1420 1819 sicutd
1446 1776 1509 1820 est'.
1535 1789 1677 1819 estimari
1707 1794 1764 1820 ac⁰

112 1838 229 1869 difiniri
254 1849 317 1869 non
342 1839 453 1880 possit.
495 1838 574 1874 Quis
599 1839 684 1870 enim
709 1839 943 1870 elementorum
962 1836 1111 1870 natura'm
1136 1850 1178 1870 ex
1194 1851 1267 1871 asse
1291 1841 1424 1871 metitus
1449 1844 1517 1870 est?
1554 1840 1634 1876 Quis
1659 1841 1764 1871 enimf

112 1890 216 1921 lucisss
239 1895 294 1921 aut
317 1891 465 1932 angelice
489 1891 539 1921 vel
564 1891 690 1929 animeh
707 1891 923 1922 substantiam
948 1902 985 1922 ao
1010 1896 1157 1922 naturam
1175 1893 1376 1934 conplexus?
1411 1892 1443 1923 Si
1469 1903 1546 1933 ergo
1572 1893 1652 1924 haee
1678 1903 1760 1934 quae

112 1943 286 1984 praeposui
310 1942 452 1974 humana
475 1943 599 1974 ratione
625 1940 888 1985 conprehendere
914 1944 1144 1985 nequivimusi,
1169 1944 1327 1986 quomodo
1352 1944 1580 1977 obtinebimus.
1607 1950 1760 1986 quantum

114 1994 252 2036 qualeve
281 1995 324 2026 sit
352 1995 447 2032 illud.v
482 1994 568 2026 unde
598 1995 754 2036 originem
785 2005 951 2036 genusque
977 1995 1139 2026 ducuntk?

215 2046 364 2078 Poteram
390 2051 498 2078 autem
525 2050 557 2078 et
580 2047 643 2077 alia
669 2057 764 2088 quam
788 2046 941 2088 plurimal
957 2047 1117 2079 subicere.
1143 2047 1200 2078 sed
1225 2047 1440 2079 docibiliumm
1458 2059 1658 2090 quorumque
1683 2059 1758 2090 pec-

112 2098 236 2130 toribus
261 2099 341 2130 satis
366 2099 415 2130 his
439 2099 636 2130 insinuatum
662 2098 834 2130 eredimus.

624 2159 680 2190 De
705 2159 932 2190 substantia
959 2160 1244 2191 tenebrarumn.

216 2211 375 2248 Quoniam
405 2212 453 2243 his
483 2212 624 2243 breviter
654 2211 748 2242 dictis
783 2211 947 2249 commode
982 2211 1078 2243 finem
1114 2212 1258 2254 inposui.
1289 2223 1365 2243 mox
1395 2213 1434 2243 ad
1466 2223 1504 2244 ea
1535 2213 1761 2254 expedienda⁰

115 2263 327 2295 intentionem
352 2264 457 2300 retuli.
483 2274 544 2305 que
570 2264 703 2294 curiosis
729 2263 905 2295 lectoribus
930 2274 991 2294 non
1013 2264 1160 2296 inmerito
1177 2264 1371 2295 videbantur
1394 2264 1489 2306 digna
1514 2270 1608 2296 essep
1625 2265 1761 2306 quesitu.

112 2315 172 2347 Est
201 2315 332 2357 quidem
357 2315 555 2356 quorundam
581 2316 689 2358 opinio
713 2326 777 2346 non
802 2326 875 2346 esse
900 2315 1053 2347 tenebras
1079 2320 1124 2349 et.
1157 2321 1191 2347 ut
1216 2317 1293 2348 sint.
1325 2316 1514 2358 inpossibile
1539 2327 1621 2347 esse.
1668 2316 1760 2352 Quae

112 2373 230 2408 quamq
253 2367 349 2398 facile
373 2367 478 2398 refelli
503 2368 620 2409 possit.
646 2378 756 2398 sacrae
782 2368 960 2410 scripturae
990 2369 1182 2400 auctoritate
1211 2369 1356 2411 prolata*
1379 2370 1409 2400 in
1434 2368 1593 2405 medium.
1620 2368 1760 2410 prudens

214 2499 239 2529 ²)
258 2499 381 2524 eiusmodi
401 2498 432 2523 B.
521 2497 546 2529 b)
566 2500 630 2524 ratio
650 2499 674 2523 P
690 2498 736 2531 (cf.
752 2498 841 2523 Ahner
860 2499 876 2522 l.
890 2499 907 2523 l.
919 2508 945 2531 p.
959 2499 1010 2530 32).
1100 2500 1123 2526 ⁰)
1143 2508 1190 2523 om.
1206 2499 1236 2523 B.
1326 2497 1349 2527 d]
1370 2505 1398 2524 ut
1417 2499 1448 2523 B.
1536 2499 1559 2529 e)
1579 2508 1642 2531 quas
1662 2508 1709 2524 om.
1724 2500 1761 2528 B:

111 2542 207 2567 suerint
225 2542 287 2566 add.
301 2542 331 2567 P.
419 2541 440 2573 f)
459 2543 572 2567 omnium
592 2542 653 2566 add.
667 2542 699 2566 Β.
788 2541 812 2571 8)
831 2542 1028 2574 complebuntur
1046 2542 1075 2566 Β.
1124 2533 1128 2540 ¹
1164 2541 1188 2569 h)
1209 2543 1230 2567 si
1249 2542 1323 2566 modo
1342 2556 1374 2559 —
1393 2547 1478 2566 autem
1498 2543 1651 2574 significatio
1672 2551 1718 2566 om.
1731 2542 1759 2567 P.

109 2584 128 2616 i)
147 2593 203 2610 esse
221 2593 287 2610 corr.
301 2584 361 2609 Bal.
431 2584 458 2617 k)
477 2589 561 2610 autem
581 2590 667 2610 autem
686 2585 715 2610 P.
788 2584 806 2613 ¹)
826 2585 886 2617 quid
905 2585 936 2609 P.
1015 2584 1046 2616 Π1)
1065 2586 1153 2610 existis
1166 2586 1196 2610 P.
1275 2585 1299 2615 ¹¹)
1319 2594 1356 2610 ex.
1373 2586 1496 2610 eiusmodi
1516 2585 1547 2610 B.
1628 2586 1651 2617 Ο)
1671 2595 1718 2611 om.
1730 2586 1759 2610 P.

110 2627 136 2659 Ρ)
154 2629 253 2653 ratione
265 2628 296 2653 B.
368 2629 393 2659 q>
411 2629 489 2654 aeccl.
503 2628 534 2652 B.
605 2628 626 2651 ἢ
647 2638 660 2654 e
674 2629 703 2653 P.
775 2633 794 2654 ⁵]
815 2629 918 2653 educata
932 2628 961 2653 P.
1033 2630 1052 2655 ²)
1071 2630 1162 2653 conab.
1176 2629 1208 2653 B.
1283 2630 1308 2659 u)
1327 2632 1418 2654 sacrat.
1430 2634 1504 2661 myst„
1519 2628 1550 2652 B.
1622 2633 1644 2657 vr.
1665 2638 1709 2661 pro
1728 2629 1760 2653 B.

110 2671 140 2704 w)
158 2681 206 2697 om.
219 2671 252 2696 B.
314 2671 340 2704 x)
359 2672 495 2704 erigendus
514 2672 546 2697 Β.
607 2674 631 2703 y)
655 2677 752 2697 tantam
771 2672 803 2696 B.
867 2672 888 2703 z)
907 2673 1118 2705 argumentisque
1138 2672 1168 2696 B.
1232 2677 1255 2696 ὃν
1275 2677 1313 2696 est
1336 2681 1375 2696 en.
1394 2672 1427 2696 B.
1490 2671 1513 2697 b)
1534 2673 1615 2704 prima
1635 2673 1717 2704 prima
1732 2672 1761 2697 P.

109 2716 132 2746 ⁴⁵)
151 2724 184 2740 ex
202 2716 282 2740 nihilo
297 2729 327 2733 —-
340 2716 455 2748 preclara
471 2720 531 2740 sunt
543 2725 590 2740 om.
606 2716 635 2740 P.
706 2715 730 2747 d)
749 2717 825 2742 sicuti
836 2716 868 2740 B.
939 2717 962 2744 e)
981 2725 1011 2741 ac
1031 2717 1075 2741 dis.
1090 2725 1135 2741 om.
1152 2716 1181 2740 P.
1246 2715 1264 2745 ἕ)
1284 2721 1370 2740 autem
1384 2715 1416 2740 Β.
1489 2718 1513 2746 S)
1534 2716 1635 2740 nomine
1654 2715 1716 2740 add.
1730 2716 1760 2741 P.

110 2758 135 2791 11)
153 2759 278 2784 velamine
297 2759 322 2783 P
335 2767 385 2791 pro
403 2759 445 2784 vel
463 2767 504 2783 an.
566 2758 585 2789 ί)
605 2760 726 2792 conpreh.
746 2762 881 2793 nequimus
900 2761 932 2785 B.
993 2759 1019 2789 k)
1038 2769 1095 2793 gen.
1115 2768 1166 2792 que
1185 2760 1290 2784 dicunt?
1309 2759 1339 2783 Β.
1403 2758 1422 2789 ¹)
1442 2759 1517 2791 plura
1538 2759 1566 2783 Ρ.
1638 2762 1670 2789 ¹¹¹)
1685 2760 1761 2784 (locu—

110 2802 201 2827 biliam
213 2801 246 2826 Β.
316 2801 341 2833 ¹²)
362 2802 403 2826 De
423 2802 567 2826 tenebris
586 2812 623 2826 an
643 2804 705 2827 sint
725 2803 754 2828 P.
825 2804 850 2835 0)
870 2804 1020 2836 expediendi
1035 2803 1066 2828 B.
1137 2802 1162 2835 P)
1181 2811 1229 2827 om.
1244 2802 1274 2826 Β.
1346 2802 1370 2834 ¹¹)
1391 2803 1433 2826 dat
1447 2802 1477 2826 B.
1550 2802 1570 2834 r)
1590 2802 1715 2834 prolatam
1730 2802 1760 2826 Β.

213 2851 355 2878 ΕΡιετοιΑε
374 2851 419 2877 IV.
569 2877 576 2885 ,
1406 2842 1411 2846 ’
1523 2853 1555 2878 ῖυ
