2089 3171
89 729 112 746 Μ

87 1508 112 1526 25

87 1769 112 1787 30

88 2028 112 2047 35

89 2345 114 2363 ⁴0

90 2570 114 2588 ⁴5

92 2827 117 2846 50

586 159 755 185 LEIDRADI
776 158 822 184 ΕΤ
843 157 975 184 ΟΑΗΟῘᾸ
996 158 1113 183 MAGNI
1134 156 1342 183 EPISTOLAE.
1726 157 1787 186 547

139 247 181 278 Et
197 247 363 289 quamvis³
388 246 429 278 ad
453 257 511 277 nos
536 246 653 276 missus
679 256 739 276 non
766 246 890 279 fuisset.
915 245 1015 275 veluti
1041 245 1079 275 ad
1106 255 1163 275 nos
1189 245 1322 274 missum
1347 242 1521 284 diligentib
1539 242 1685 274 adhibita
1710 253 1785 273 cura

139 305 171 331 ct
196 299 378 331 audivimus
403 304 435 330 et
460 309 531 329 cum
558 308 595 329 eo
622 297 661 328 de
687 298 734 328 his
760 308 841 339 quac
873 297 1016 328 adtulitc.
1048 298 1120 338 quia
1152 295 1344 338 prudentem
1374 295 1679 326 animadvertimus.
1711 305 1787 325 con-

141 350 360 382 locutionemd
390 349 593 381 habuimus¹.
640 349 708 380 Nec
741 349 905 380 inmerito.
932 359 1003 379 cum
1033 353 1122 379 tanta
1153 352 1241 379 esset
1271 358 1334 378 non
1367 348 1470 378 solum
1501 347 1530 377 in
1561 346 1678 377 litteris
1711 356 1789 387 quas

140 403 286 434 detulite.
312 402 369 433 sed
399 403 495 434 etiam
520 402 551 432 in
577 401 698 432 vorbis.
723 411 805 442 quae
832 411 871 431 ex
897 411 951 431 ore
980 400 1065 430 illius
1096 401 1214 430 nostris
1246 399 1379 430 auribus
1405 399 1631 429 insonuerunt.
1657 402 1788 439 optatae

140 466 176 485 ac
203 465 331 496 semper
355 453 515 496 optandae
540 454 630 495 pacis
655 454 761 494 copia.
787 461 820 483 ut
844 452 937 483 valde
963 451 1076 482 nobiss
1099 458 1129 482 et
1162 452 1419 493 quibuscumque
1445 450 1549 481 Deum
1579 450 1790 480 timentibus!3

140 505 364 537 huiuscemodi
389 505 510 546 legatio
535 505 664 546 placere
682 505 850 546 potuisset.
898 504 990 539 Quae
1015 504 1126 544 utique
1151 507 1240 534 tanto
1265 503 1327 533 fuit
1352 503 1496 533 caritatis
1521 513 1558 533 ac
1584 502 1674 544 pacis
1700 500 1789 532 sale¹¹

138 568 300 600 respersa.
325 564 360 588 ut
383 558 414 588 in
439 557 548 598 palato
566 556 672 587 cordis
691 557 846 597 cuiusque
864 555 969 586 fidelis
989 565 1097 585 veram
1115 555 1267 596 possenti
1284 564 1398 596 sapere
1419 553 1635 585 dulcedinem.
1662 558 1789 595 posset-

139 621 201 652 que
226 608 382 641 iudicarik
407 609 536 650 penitus
562 608 746 650 insipiens'.
773 609 822 638 cui
847 607 924 638 talia
950 607 1100 638 videntur
1126 606 1303 648 insipidam.
1348 606 1484 647 Propter
1508 605 1592 647 quod
1618 610 1788 647 postquam

139 663 227 694 illum
257 663 288 692 in
317 662 397 692 fines
431 661 520 702 regni
550 661 650 691 nostri
680 661 867 702 pervenisse
899 659 1123 701 conperimus.
1163 659 1263 689 veluti
1302 658 1442 700 praescii
1478 658 1620 699 optimen
1651 668 1687 688 ac
1720 657 1791 687 Deo

140 714 354 756 complacitae
379 713 552 754 legationis
577 713 656 743 eius.
682 716 888 754 temperare⁰
913 711 1149 752 nequivimusr.
1174 714 1335 752 oportune
1361 720 1433 740 eum
1460 710 1500 740 ad
1525 714 1669 740 nostram
1696 720 1789 751 prae,-

139 766 276 797 sentiam
306 765 416 795 venire
446 764 601 795 fecimus:
639 765 803 794 maximeq
836 768 944 794 tamen
976 762 1060 804 quod
1090 762 1169 796 hist.
1202 762 1241 792 ad
1273 767 1387 803 quemS
1418 762 1507 792 illum
1539 761 1691 792 missumt
1717 771 1791 791 csse

139 817 326 850 constabat.
357 816 492 846 dilectus
518 816 601 846 filius
626 820 738 847 noster
763 816 896 857 Pipinus
920 826 979 845 rex
1004 815 1112 845 divino
1139 814 1257 845 iudicio
1284 815 1346 845 iam
1373 814 1470 844 rebus
1497 813 1645 844 humanis
1672 823 1789 844 exces-

139 875 225 901 serat
249 880 354 910 neque
380 879 437 899 nos
463 868 552 899 illum
578 879 649 899 cum
675 868 793 898 infecto
819 867 947 907 negotio
972 871 1094 899 tanton.
1124 866 1227 908 quodv
1258 866 1487 907 perficiendum
1520 865 1661 895 directus
1686 869 1791 903 eram

139 932 276 953 vacuum
301 922 418 952 reverti
443 921 510 962 pati
535 920 710 962 potuimus.

242 973 285 1005 Et
308 984 371 1004 non
397 974 499 1004 solum
523 977 656 1014 propter
678 972 754 1005 hoc.
785 971 842 1002 sed
876 971 974 1001 etiam
1004 970 1087 1012 quod
1114 981 1155 1001 ex
1179 975 1241 1000 eox
1267 976 1429 1011 tempore.
1465 980 1527 1010 quo
1552 969 1653 1010 primo
1677 969 1792 1010 inperii

141 1026 186 1057 tui
211 1036 295 1057 anno
313 1025 508 1056 Michaelem
525 1024 809 1066 metropolitanum
835 1027 866 1053 et
883 1023 1036 1053 Petrumy
1061 1021 1225 1053 assiduum
1251 1022 1403 1052 abbatem
1421 1020 1646 1062 Calistumque
1673 1021 1791 1061 glorio-

139 1070 236 1110 sum?
257 1077 464 1109 candidatum
497 1077 537 1108 ad
567 1076 827 1107 constituendam
863 1075 1031 1105 nobiscum
1063 1085 1177 1116 pacem
1211 1078 1243 1104 et
1275 1072 1451 1104 federanda
1488 1076 1585 1114 atque
1620 1071 1791 1103 adunanda

138 1131 219 1161 haec
243 1129 305 1160 duo
329 1130 361 1160 in
390 1128 510 1160 Christi
537 1130 681 1160 caritate.
709 1130 920 1169 longaevama
949 1132 1002 1159 tua
1028 1129 1116 1159 misit
1141 1127 1272 1158 dilectio
1285 1127 1306 1157 ‘·'.
1333 1127 1453 1157 velutib
1470 1127 1501 1157 in
1528 1125 1659 1167 specula
1686 1125 1791 1166 positi.

139 1183 235 1224 longa
265 1182 382 1212 fuimus
411 1182 640 1223 expectatione
672 1181 851 1223 suspensic.
884 1180 1123 1222 praestolantes
1152 1179 1241 1210 sived
1271 1189 1328 1221 per
1359 1179 1503 1220 legatum
1536 1178 1604 1208 sive
1635 1188 1693 1219 per
1723 1177 1791 1218 epi—

140 1235 256 1266 stolam
288 1233 415 1275 quando
441 1234 646 1264 meritorume
671 1234 800 1274 scriptis
831 1233 950 1263 nostris
981 1232 1133 1263 amabilia
1164 1232 1379 1263 fraternitatis
1404 1235 1480 1262 tuae
1505 1240 1663 1271 responsa
1688 1229 1791 1260 susci-

137 1286 240 1328 peref.
288 1285 422 1327 Iamque
453 1289 488 1316 ut
511 1296 545 1316 se
571 1286 669 1316 habet
694 1285 834 1316 humane
852 1285 970 1316 mentis
996 1285 1177 1315 infirmitas.
1202 1294 1259 1325 pro
1284 1294 1340 1325 spe
1367 1282 1543 1324 disperatio
1569 1281 1657 1312 cordi
1682 1284 1791 1311 nostro

1873 243 1930 274 811

1821 291 1877 305 amno
1892 285 1982 304 ineunte

138 1338 314 1381 incipiebat
338 1337 464 1369 oboriri.
514 1337 579 1368 Sed
604 1336 741 1368 fidentes
766 1342 916 1368 eramusg
940 1337 971 1367 in
1000 1347 1052 1367 eo.
1079 1337 1132 1378 qui
1158 1346 1321 1377 nunquam
1348 1335 1469 1366 deserit
1494 1338 1664 1376 sperantes
1690 1334 1721 1363 in
1747 1343 1968 1367 se.1udit1113.17.

138 1390 223 1433 quod
247 1390 424 1422 secundum
449 1389 634 1431 apostolum
660 1389 752 1420 labor
776 1394 887 1419 noster
912 1389 942 1419 in
968 1389 1038 1430 ipso
1066 1399 1187 1419 vacuus
1214 1394 1246 1418 et
1271 1388 1376 1418 inanis
1406 1396 1476 1417 esse
1508 1396 1569 1416 non
1595 1385 1730 1416 deberet
1754 1395 1974 1419 ac1.c0r.15‚.=‚s.

139 1442 334 1474 desiderium
352 1445 509 1475 nostrum.
535 1440 618 1482 quod
644 1445 678 1471 ut
703 1440 893 1471 confidimus
917 1441 1017 1482 ipsius
1035 1440 1248 1481 inspiratione
1267 1439 1476 1480 concipimus.
1505 1437 1683 1468 secundum
1710 1437 1791 1467 divi-

139 1497 202 1526 tias
233 1494 475 1526 misericordiae
512 1493 611 1525 suaeh
647 1493 811 1534 conplerei
843 1497 874 1523 et
910 1492 1124 1534 quandoquek
1154 1491 1193 1523 ad
1231 1491 1385 1522 effectum
1425 1490 1604 1532 perducere
1646 1489 1980 1526 deberet.Phuipp.4,19.

138 1547 263 1579 Idcirco
288 1546 398 1578 audito
430 1545 585 1577 adventu¹
615 1546 782 1576 memorati
816 1545 915 1586 legati
945 1545 1127 1576 dilectionis
1157 1548 1245 1579 tuae.
1285 1543 1430 1574 Arsafii¹¹¹
1461 1542 1593 1583 gloriosi
1627 1542 1792 1583 spatariin.

138 1603 360 1641 magnopere⁰
377 1598 501 1640 gavisip
519 1603 661 1636 sumusq,
687 1597 886 1628 confidentes
912 1607 970 1627 nos
995 1596 1034 1627 de
1054 1596 1152 1626 rebus
1170 1596 1303 1627 incertis
1328 1594 1368 1626 ad
1393 1598 1537 1636 optatam
1565 1592 1792 1624 certitudinem

139 1654 366 1694 perventuros,
397 1654 429 1682 et
453 1649 492 1681 de
522 1650 585 1680 his.
617 1654 716 1691 quaer
742 1648 915 1690 praedictis
946 1649 1071 1679 missisS
1101 1647 1163 1678 tuis
1195 1648 1235 1678 ad
1265 1652 1295 1678 te
1327 1646 1520 1689 perferenda
1549 1645 1713 1678 dedimus.
1742 1655 1793 1675 re-

139 1713 292 1745 sponsum
318 1713 390 1734 esse
416 1706 610 1744 recepturos.
660 1701 701 1732 Et
726 1711 839 1732 revera
870 1702 914 1732 ita
943 1701 1063 1731 factum
1089 1704 1150 1731 est.
1198 1699 1367 1729 Sensimus
1398 1698 1484 1729 enim
1509 1708 1551 1728 ex
1582 1701 1673 1738 parte
1698 1697 1729 1727 in
1755 1706 1792 1727 eo

141 1755 227 1797 quod
251 1754 520 1786 desiderabamus
544 1753 583 1784 ad
610 1754 859 1795 completionem
887 1757 1032 1783 votorum
1059 1756 1241 1783 nostrorum
1266 1751 1368 1781 divini
1394 1750 1539 1781 favorem
1565 1749 1678 1780 auxilii
1705 1752 1737 1779 et
1761 1748 1792 1779 in

140 1807 248 1838 verbis
273 1817 310 1837 ac
334 1806 461 1838 litteris
487 1816 569 1847 quae
586 1816 644 1847 per
668 1804 1054 1846 legationemmemorati
1074 1804 1172 1844 legati
1195 1803 1320 1844 perlata
1343 1808 1427 1833 sunt.
1453 1801 1601 1843 quamvis
1628 1799 1667 1830 ad
1692 1799 1793 1829 filium

139 1863 283 1890 nostrum
314 1858 433 1900 scripta
459 1862 491 1888 et
520 1857 642 1888 directa
677 1862 803 1888 essent.
836 1867 899 1887 non
930 1856 1095 1886 minimam
1122 1866 1178 1886 nos
1204 1854 1429 1885 desideratae²
1454 1852 1675 1894 responsionis
1701 1862 1792 1882 acce-

142 1912 229 1954 pisse
253 1911 447 1953 portionem.
769 1940 775 1943 ,

246 1961 383 1994 Proinde
414 1962 628 2003 omnipotenti
653 1961 739 1992 Deo.
772 1972 835 1992 non
867 1961 976 2002 quales
1008 1960 1194 1992 debuimus.
1229 1959 1286 1990 sed
1317 1959 1429 2000 quales
1461 1958 1638 2000 potuimus.
1671 1956 1794 1997 gratias

141 2014 297 2056 egimusu.
328 2013 411 2056 quod
437 2013 526 2045 cordi
551 2012 733 2044 dilectionis
758 2017 826 2044 tue.
853 2023 946 2054 quam
973 2013 1171 2054 quesivimus
1197 2022 1233 2042 ac
1260 2010 1535 2043 desideravimus,
1567 2009 1656 2050 pacis
1682 2008 1793 2038 volun-

245 2162 269 2193 a)
288 2170 364 2194 quam
391 2161 419 2186 K
435 2163 458 2186 2.
545 2160 570 2191 b)
590 2162 677 2185 adhib.
691 2161 731 2185 dil.
751 2161 776 2185 Κ
793 2164 815 2185 2.
905 2165 927 2185 0)
952 2160 1050 2191 dqdulit
1070 2159 1098 2183 A·
1115 2162 1144 2184 2.-
1171 2158 1263 2183 detulit
1282 2157 1304 2181 A
1327 2158 1361 2181 1*.
1453 2155 1477 2188 d)
1497 2156 1706 2180 conlocucioncm
1727 2155 1755 2179 K
1772 2158 1793 2179 ·.).

142 2205 164 2236 e)
182 2205 282 2230 addulit
301 2205 367 2234 KQ·
393 2205 485 2230 adtulit
506 2204 528 2228 A
545 2206 578 2228 Ρ.
659 2204 678 2229 sl
699 2213 744 2229 nos
766 2204 792 2228 K
806 2207 828 2228 2.
909 2206 933 2234 g)
952 2203 1099 2227 amantibus
1120 2203 1141 2226 :i
1155 2202 1189 2226 1⁸.
1276 2200 1299 2229 Μ’)
1320 2209 1399 2225 sanae
1419 2200 1485 2228 K2;
1513 2200 1570 2223 saw·
1594 2201 1614 2222 .l
1633 2198 1676 2227 1*;
1706 2207 1796 2230 sapore

141 2249 205 2274 coni.
218 2249 293 2281 Jaffe'.
340 2274 343 2277 ‚
365 2247 382 2279 ἱ)
402 2253 486 2281 posset
500 2249 524 2272 A
540 2248 579 2275 1³¹:
598 2253 700 2281 possent
712 2247 741 2271 Κ
750 2251 768 2271 l.
831 2246 855 2277 Β)
875 2247 988 2271 iudicare
1011 2246 1041 2270 K.
1104 2245 1122 2276 ¹2·
1142 2246 1265 2270 insibieus
1287 2244 1345 2268 ΚΞ.
1410 2242 1441 2271 ¹¹¹)
1462 2243 1577 2275 insapida
1598 2242 1626 2266 K
1637 2246 1663 2272 2,
1682 2251 1749 2266 corr.
1763 2242 1789 2266 in

141 2293 214 2325 insip.
230 2292 286 2317 ΕΙ.
344 2293 368 2319 ¹¹)
389 2292 483 2324 optimo
502 2291 568 2317 K2:
588 2292 697 2323 optimae
719 2292 738 2314 ,Ἰ
757 2291 790 2315 Γ.
845 2296 868 2321 0)
890 2291 963 2314 nobis
984 2294 1058 2322 temp.
1074 2290 1095 2313 Α
1114 2289 1146 2314 l*.
1210 2288 1234 2315 Pl
1254 2288 1301 2312 Sed
1321 2293 1400 2320 oport,
1416 2287 1436 2310 Α
1455 2286 1490 2310 1*.
1555 2286 1579 2317 ¹¹)
1599 2286 1711 2310 maxima
1732 2285 1759 2309 Κ
1772 2288 1795 2309 2.

141 2335 163 2367 ¹')
176 2336 230 2360 isA
244 2335 280 2360 1⁸.
351 2340 370 2360 ⁵)
390 2343 467 2367 quarn
481 2334 541 2358 ΚΞ.
614 2336 632 2361 ‘J
654 2335 745 2358 misum
767 2334 791 2358 Κ
806 2336 827 2358 2.
900 2334 925 2361 ¹¹)
945 2338 1016 2357 tanta
1037 2333 1063 2356 Κ
1074 2335 1095 2357 2,
1173 2336 1196 2359 v,
1215 2332 1247 2356 ad
1266 2332 1333 2363 qnod
1348 2331 1370 2354 A
1389 2330 1421 2354 1⁸.
1494 2330 1523 2359 w)
1543 2329 1630 2353 directi
1651 2333 1722 2353 erant
1736 2328 1764 2352 Κ
1778 2332 1796 2352 1.

142 2379 167 2411 x)
185 2388 232 2404 om.
247 2379 276 2404 K
287 2382 308 2404 2.
379 2382 403 2408 ἶ)
424 2378 546 2411 populum
566 2377 605 2408 K,
623 2387 689 2402 corr.
704 2379 805 2402 Petrum
827 2378 848 2401 A
866 2377 899 2401 1¹³.
971 2377 993 2408 ⁷)
1013 2382 1036 2401 ct
1056 2376 1117 2400 add.
1134 2376 1153 2399 A
1174 2375 1207 2399 1*.
1279 2375 1302 2406 ²²)
1323 2375 1478 2405 longaevum
1496 2372 1523 2396 K
1537 2377 1563 2401 1,-
1582 2373 1717 2403 longevum
1733 2371 1760 2395 J(
1773 2374 1793 2395 2.

140 2422 164 2454 b)
182 2423 254 2448 velut
273 2422 302 2446 Is
314 2426 332 2446 1.
421 2427 443 2452 c)
462 2430 598 2454 suspeussa
619 2421 680 2445 KZ.
764 2420 789 2451 d)
813 2422 868 2452 sive
896 2420 921 2444 Κ
933 2424 954 2444 2.
1044 2420 1067 2450 ε’)
1087 2428 1213 2451 superscr.
1233 2420 1343 2443 demum.
1369 2418 1515 2442 meritorum
1540 2416 1620 2440 <lelna
1646 2416 1669 2439 Α
1692 2415 1735 2443 1*;
1762 2424 1795 2438 (ιη

141 2466 248 2492 merito?
263 2466 288 2491 J.
368 2465 388 2498 s)
408 2466 562 2498 susciperem
584 2466 603 2489 A
620 2465 655 2490 12.
737 2466 762 2492 8)
782 2465 950 2497 sperabamus
970 2464 998 2488 K
1009 2468 1031 2488 2.
1112 2463 1137 2490 ¹¹)
1158 2463 1328 2487 misericordia
1353 2470 1399 2486 sua
1420 2461 1447 2485 Κ
1459 2464 1479 2484 2.
1558 2458 1575 2487 5)
1595 2459 1714 2492 conplere
1734 2458 1763 2482 Κ
1773 2462 1796 2482 2.

140 2509 166 2540 1ί)
190 2510 397 2542 quandocunque
418 2508 478 2532 Κ2.
560 2507 578 2529 ¹>
599 2508 710 2532 adventu
739 2507 798 2532 K2.
883 2507 914 2539 ¹¹¹)
935 2508 1042 2532 Arsatidi
1064 2507 1096 2531 K.
1125 2533 1129 2540 Ι
1179 2507 1204 2536 ¹¹)
1229 2506 1301 2537 patrii
1333 2504 1357 2528 Κ
1370 2508 1391 2528 2.
1475 2506 1497 2525 “l
1522 2510 1705 2534 magnoperum
1735 2501 1795 2525 K2.

143 2553 167 2586 Ρ)
187 2562 278 2586 magno
302 2553 431 2585 pei-gavisi
451 2552 473 2575 A
490 2551 526 2576 1*.
615 2556 640 2583 ¹1)
662 2552 757 2583 gaudio
782 2551 842 2576 add.
865 2551 886 2575 A
905 2551 935 2575 1³¹.
1025 2555 1044 2580 *ξι
1070 2553 1121 2582 qne
1149 2550 1175 2573 Κ
1186 2551 1208 2573 2.
1298 2553 1318 2576 ³³
1339 2557 1386 2572 om.
1406 2547 1435 2571 Κ.
1525 2548 1543 2571 ¹³
1565 2546 1707 2570 desiderata
1735 2545 1759 2568 Κ
1773 2546 1795 2568 2.

142 2598 168 2627 ¹³)
188 2597 288 2629 gracias
307 2596 408 2628 agimus
427 2595 489 2620 K2.

246 2683 271 2711 1)
291 2690 323 2708 m.
339 2681 442 2707 Odobri
461 2690 484 2706 α.
499 2684 556 2707 810.
574 2679 603 2705 V.
618 2680 719 2705 Amzal.
737 2679 859 2705 Luuriss.
874 2680 936 2705 mai.
950 2679 1007 2711 (SS.
1023 2679 1044 2710 I.
1062 2680 1114 2704 19⁸l
1136 2682 1197 2703 810:
1219 2678 1372 2710 Imperator
1387 2674 1560 2708 Aquasgrani
1576 2674 1689 2700 veniens
1704 2682 1796 2699 mense

143 2724 282 2751 Octobrio.
303 2745 308 2750 .
329 2745 333 2749 .
354 2724 508 2756 legationes
527 2723 635 2749 audivit
654 2731 806 2756 pacemque
824 2732 885 2748 cnm
904 2723 1027 2748 Nirisoro
1047 2722 1213 2755 imperatore
1226 2742 1230 2746 .
1243 2742 1248 2746 .
1260 2720 1333 2746 fecit.
1406 2722 1431 2745 2«
1452 2718 1479 2743 V.
1496 2719 1568 2743 Anu.
1588 2717 1712 2743 Lauriss.
1735 2718 1796 2742 ιιιαί,

142 2768 200 2802 (SS.
216 2768 237 2800 I,
254 2770 320 2800 191):
342 2769 477 2792 venerunt
490 2766 576 2800 legati
593 2766 707 2792 Nicit'ori
724 2766 899 2799 imperatoris
913 2787 918 2791 .
933 2787 951 2797 ..
972 2774 1087 2798 qimi-um
1108 2765 1219 2789 nomina
1240 2765 1353 2789 suerunt
1367 2761 1504 2788 Miclmliel
1526 2760 1678 2794 episcopus.
1701 2760 1797 2785 Petrus

145 2811 229 2838 abbas
250 2813 278 2837 ct
297 2811 416 2836 Catistns
436 2810 601 2836 candidatus
623 2831 626 2835 .
649 2831 653 2835 .
674 2812 698 2834 cl
722 2812 833 2843 pactum
854 2809 997 2835 faciendae
1018 2808 1093 2841 pacis
1114 2808 1140 2833 in
1162 2808 1264 2841 scripto
1284 2807 1472 2839 susceperunt.

1541 2857 1587 2881 139*
