2089 3171
667 162 814 188 ALCVINI
834 162 1041 188 EPISTOLAE.
1077 164 1135 189 263.
1156 165 1213 190 2³64.
1701 166 1756 194 421

117 253 201 283 inter
229 262 285 282 nos
318 251 517 293 pepigimus:
549 251 723 281 obsecrans
753 261 811 291 per
843 251 959 280 summi
985 261 1083 290 regua
1110 251 1267 282 tonantis.
1300 251 1345 281 uti
1376 251 1473 280 nostri
1504 250 1638 280 nominis
1672 251 1760 279 iuxta
1796 255 1879 285 803?

118 309 245 335 vestrae
271 304 490 346 promissionis
516 304 684 333 veritatem
710 303 741 332 in
767 303 982 332 sacrosanctis
1008 303 1207 333 orationibus
1240 303 1428 333 memoriam
1455 302 1576 333 habere
1602 297 1897 349 digneriszssssfssssfiss

119 357 217 387 etiam
249 367 266 387 a
298 356 399 386 servis
430 354 491 386 Dei
521 354 770 385 intercessiones
803 364 859 394 pro
883 364 933 384 me
958 354 1026 384 fieri
1052 354 1205 389 iubeatis,
1232 355 1285 395 qui
1310 361 1383 384 suut
1416 355 1447 384 in
1473 354 1680 384 monasteriis
1706 364 1765 395 per

118 412 248 438 vestrae
278 407 437 438 diocesis³
469 406 680 437 latitudinem.
736 405 819 435 Nam
856 415 932 446 ego.
966 405 1111 446 plurimis
1146 406 1240 436 huius
1273 406 1395 437 saeculi
1426 406 1538 436 iaculis
1562 406 1762 437 vulneratum

79 471 89 488 .’.
118 459 201 489 diem
234 458 359 500 trepido
392 459 497 488 animo
534 462 688 500 expecto,
720 467 781 498 quo
818 456 891 487 duci
921 456 960 487 ad
992 456 1144 487 iudicium
1170 458 1282 487 vocerb
1315 458 1486 497 ignoraus,
1517 457 1591 498 quid
1626 457 1763 487 habeam

67 731 92 749 10

67 990 90 1008 15

65 1527 90 1547 20

65 1818 90 1837 25

66 2074 91 2092 ³0

66 2334 91 2352 ³5

67 2679 93 2697 40

118 511 314 552 respondere
346 510 441 541 iudici
470 522 542 541 meo
572 510 645 540 Iesu
679 509 825 540 Christo.
856 509 910 550 qui
935 508 1010 539 mihi
1036 513 1125 539 tauta
1152 509 1263 539 tribuit
1295 510 1324 539 iu
1355 509 1414 539 ho«)
1446 509 1575 539 saeculo
1604 509 1708 540 bona:
1733 512 1765 539 ct

117 573 176 604 ego
201 563 293 604 quasi
318 562 365 593 his
389 563 537 593 omnibus
564 563 708 603 ingratus
733 561 870 602 plurima
894 561 964 594 feci,
990 571 1072 602 quae
1097 571 1160 591 non
1186 560 1293 591 debui.

219 614 268 645 Tu
293 625 380 653 vero,
406 615 610 645 sanctissime
634 618 737 655 pater,
763 612 939 643 secundum
966 613 1144 643 caritatem.
1172 623 1267 653 quam
1294 613 1394 643 habes
1422 613 1451 643 in
1471 613 1615 643 membra
1634 612 1763 645 Christi,

119 671 150 699 et
178 667 274 698 fidem
303 667 471 708 probatam
502 667 534 696 in
567 666 761 696 salvatorem
786 669 931 696 nostrum
956 676 1006 695 mo
1032 665 1171 696 assiduis
1196 665 1396 696 orationibus
1427 665 1580 696 adiuvare
1611 664 1764 705 digneris*

119 723 153 749 ut
177 718 417 749 misericordem
442 717 603 748 inveniam
629 717 791 747 dominum
817 716 923 747 Deum
949 727 1065 747 meum.
1113 717 1158 747 Te
1185 727 1309 758 quoque
1334 717 1439 758 ipsum
1465 717 1553 747 iuxta
1572 717 1764 757 sapientiam

117 771 217 801 tibia
240 769 310 800 Deo
336 770 442 800 datam
473 770 504 799 in
535 769 619 798 omni
650 768 793 799 bonitate
823 779 982 810 praepara
1006 768 1046 799 ad
1078 779 1248 799 occursum
1274 769 1374 800 illius.
1406 773 1439 798 ut
1470 768 1585 809 dignus
1616 768 1764 798 habearis

117 833 188 854 cum
221 822 389 863 multiplici
424 821 541 852 laboris
574 821 619 850 tui
656 821 761 850 fructu
795 820 941 861 gaudens
977 824 1008 850 et
1043 820 1203 860 gloriosus
1237 824 1321 850 stare
1356 824 1430 850 ante
1461 820 1601 850 tribunal
1633 819 1762 855 Christi,

116 878 213 916 atque
250 885 291 905 ex
328 873 519 904 brevissimo
556 872 649 902 huius
680 872 765 902 vitae
798 872 907 902 labore
939 875 1105 902 aeternam
1141 872 1283 903 donante
1316 872 1386 903 Deo
1425 871 1660 902 beatitudinem
1694 882 1766 902 cum

117 926 239 958 sanctis
264 925 412 956 omnibus
436 926 554 955 intrare
579 925 745 955 merearis
794 924 951 954 Dominus
969 923 1073 961 Iesus,
1100 925 1152 965 qui
1179 925 1239 955 ait:
1266 924 1339 955 ‘Per
1364 934 1414 954 me
1439 924 1465 954 si
1492 924 1563 964 quis
1589 924 1891 961 intraverit.1.,11‚10,‹‚‚,

119 977 307 1015 salvabitur,
332 977 532 1018 ingredietur
556 980 588 1008 et
612 975 819 1018 egredietur',
846 976 1007 1007 custodiat
1031 977 1194 1007 introitum
1220 982 1309 1007 tuum
1334 980 1366 1008 et
1392 976 1516 1007 exitum
1541 980 1630 1006 tuum
1649 986 1690 1006 ex
1707 975 1766 1006 hoc
1779 990 1814 1010 p„
1832 993 1875 1013 120,

1892 992 1910 1009 '30

118 1040 201 1061 nunc
227 1033 259 1059 et
283 1040 385 1070 usquo
411 1030 439 1059 in
466 1029 640 1060 saeculum.
667 1029 871 1059 sanctissime
896 1034 997 1070 pater.

909 1291 979 1322 264.

218 1351 372 1382 Alcvinus
395 1350 522 1381 Arnoni
552 1350 779 1389 archiepiscopo
812 1349 1047 1390 Salisbmrqensi
1077 1360 1107 1381 se
1138 1350 1259 1381 litteras
1288 1351 1354 1380 eius
1380 1349 1564 1390 familiares
1589 1359 1647 1387 per
1670 1348 1770 1379 Adal-

116 1404 233 1435 winum
256 1403 428 1442 episcopum
451 1402 494 1433 ad
510 1402 543 1433 S.
562 1402 741 1433 Martinam
766 1402 936 1433 venientem
951 1403 1102 1441 accepisse
1124 1403 1262 1433 nuntiat.
1306 1400 1458 1442 Odulf'zcm-
1475 1402 1620 1438 comitem,
1637 1401 1770 1439 capella-

117 1465 181 1493 nos,
204 1454 366 1486 monachos
391 1454 423 1486 S.
442 1454 603 1485 Hrotbcrti
625 1453 661 1484 (lc
685 1453 800 1494 officiis
822 1453 986 1484 admonere
1007 1456 1141 1496 emptast.
1191 1453 1278 1484 803?
1295 1456 1368 1485 (mie
1384 1454 1465 1485 diem
1482 1455 1531 1484 13.
1547 1453 1682 1492 Aprilis.

222 1514 301 1541 Codd.
321 1515 343 1540 S
353 1519 366 1540 1
383 1514 426 1546 fol.
442 1516 581 1540 214—215¹
601 1514 634 1545 (S
646 1515 672 1539 1*
690 1514 736 1546 fol.
750 1516 916 1547 1432—1467.

219 1557 291 1584 Edd.
311 1557 345 1584 M
356 1561 396 1590 24,
419 1556 448 1583 F
460 1560 512 1589 113,
531 1557 555 1583 J
566 1560 623 1583 202.
645 1573 677 1576 ——
697 1557 791 1590 Miyne
810 1557 855 1583 col.
870 1560 926 1583 402.

156 1655 378 1680 SANCTISS1MO
398 1655 500 1679 PATRI
520 1655 671 1685 AQUILAE
691 1654 1048 1679 ARCHIPONTIFICATUS
1067 1654 1207 1679 HONORE
1226 1654 1424 1679 sussLIMATo
1444 1654 1588 1678 HUMILIS
1608 1653 1735 1678 LEVITA

443 1698 590 1722 ALBINUS
609 1698 792 1722 AETERNAE
811 1698 906 1722 PACIS
927 1699 970 1722 ET
989 1698 1254 1722 PROSPERITATIS
1273 1698 1443 1722 SALUTEM.

220 1749 383 1780 Veniente
402 1748 588 1779 dulcissimo
606 1749 726 1779 fratre³
744 1748 914 1780 Adalwino
940 1749 1118 1791 episcopo¹
1143 1749 1296 1780 orationis
1317 1749 1422 1790 gratia
1444 1748 1484 1779 ad
1510 1748 1664 1779 Sanctum
1683 1747 1769 1778 Mar-

118 1802 237 1836 tinum,
271 1801 463 1832 suavissima
487 1804 616 1831 vestrae
652 1801 856 1832 salutationis
885 1801 1036 1832 deferens
1061 1801 1154 1832 uobis
1180 1801 1293 1833 verba.
1321 1805 1353 1832 et
1383 1805 1515 1842 optatae
1541 1800 1768 1842 prosperitatis

117 1854 262 1896 vigorem
286 1853 493 1887 adnuntians,
518 1853 628 1886 valde,
654 1856 689 1883 ut
713 1853 833 1887 fateor,
859 1853 970 1884 laetati
998 1854 1108 1884 sum'us
1132 1854 1163 1884 in
1189 1854 1258 1884 eius
1282 1853 1440 1884 adventu:
1467 1856 1499 1885 et
1523 1857 1558 1884 ut
1581 1856 1688 1883 vestra
1715 1851 1769 1883 de-

116 1906 281 1938 mandavit
305 1905 446 1940 dilectio,
471 1905 599 1947 privata
622 1908 731 1936 mente
759 1905 963 1947 suscepimus
982 1916 1066 1941 eumq
1084 1905 1357 1947 dulcissimaeque
1376 1905 1606 1936 familiaritatis
1625 1904 1767 1945 alloquio

116 1959 166 1990 usi
191 1968 311 1990 sumus.
357 1957 417 1989 Est
442 1958 539 1997 enim,
564 1960 600 1988 ut
624 1958 742 1999 agnovi
758 1955 799 1988 *in
825 1969 874 1995 eo,
900 1958 949 1988 vir
966 1958 1059 1989 valde
1077 1958 1182 1989 fidelis
1209 1958 1290 1989 etin
1309 1961 1421 1988 sancta
1439 1957 1574 1988 devotus
1592 1957 1769 1997 relegione.

219 2010 348 2041 Vestris
373 2020 501 2051 quoque
527 2009 680 2051 syllabis,
705 2020 787 2051 quae
813 2009 944 2044 adtulit,
971 2009 1165 2051 perspectis.
1191 2009 1374 2040 invenimus
1405 2020 1460 2040 eas
1492 2008 1637 2039 caritatis
1662 2018 1771 2049 penna

120 2062 326 2104 perscriptas,
351 2062 440 2092 cuius
467 2062 565 2092 etiam
591 2062 735 2093 caritatis
760 2062 911 2092 melliflua
937 2061 1109 2092 dulcedine
1134 2061 1247 2092 refecti
1277 2071 1387 2091 sumus
1420 2071 1549 2102 semper
1578 2071 1596 2091 a
1622 2060 1712 2090 vobis
1739 2062 1771 2090 et

116 2114 147 2144 in
172 2114 277 2149 vobis,
309 2124 392 2155 quae
422 2124 479 2144 nos
510 2113 635 2144 duabus
668 2113 849 2145 dilectionis
880 2113 938 2144 alis
968 2113 1007 2144 ad
1039 2113 1164 2144 caelum
1196 2123 1298 2154 usquc
1330 2112 1401 2143 Deo
1434 2113 1609 2143 miseraute
1640 2115 1770 2153 portare

116 2165 245 2208 poterit.
292 2165 334 2196 Et
364 2165 443 2196 haec
474 2170 524 2196 est
554 2166 676 2207 optima
698 2176 789 2207 pars,
815 2176 910 2207 quam
936 2165 1036 2206 elegit
1066 2165 1163 2196 beata
1188 2164 1291 2195 Maria
1320 2164 1360 2195 ad
1391 2164 1491 2206 pedes
1517 2164 1634 2195 sedens
1661 2164 1967 2197 salva-12110.10.³9.42.

116 2218 209 2257 toris,
244 2218 368 2249 intenta.
400 2217 535 2249 verbum
568 2218 681 2248 salutis
718 2217 829 2248 audire
861 2217 900 2248 ab
931 2228 977 2247 eo.
1034 2216 1173 2248 Proinde
1204 2227 1393 2248 maneamus
1427 2217 1545 2258 iugiter
1575 2217 1606 2246 in
1632 2217 1768 2247 caritate

117 2270 271 2312 perfecta,
297 2270 386 2301 cuius
410 2280 475 2301 una
499 2280 573 2312 pars
599 2269 638 2300 ad
656 2269 763 2301 Deum
788 2269 891 2300 tendit
916 2270 947 2300 in
972 2269 1034 2300 fide
1061 2274 1093 2300 et
1118 2270 1203 2300 vitae
1227 2269 1410 2301 honestate.
1436 2269 1539 2300 altera
1558 2278 1633 2298 vero
1658 2268 1766 2309 proxi-

119 2332 188 2353 mos
221 2322 425 2364 amplectitur
457 2323 488 2352 in
523 2322 682 2363 patientia
714 2325 746 2352 et
781 2321 991 2362 benignitate.
1052 2321 1125 2352 Hoc
1160 2331 1237 2352 vero
1269 2320 1481 2362 quadruvium
1512 2324 1633 2355 vestra,
1670 2320 1768 2350 frater

117 2373 302 2412 karissime,
336 2374 473 2405 intentio
512 2374 644 2415 pacifice
680 2377 811 2415 pergat,
847 2373 949 2404 donec
985 2373 1132 2404 videatur
1161 2372 1252 2403 Deus
1286 2372 1420 2403 deorum
1455 2373 1484 2402 in
1515 2372 1591 2403 Sion
1622 2382 1882 2403 suunnaernsas.

117 2425 336 2457 beatitudinis.
393 2426 432 2457 In
465 2426 515 2456 his
553 2436 678 2456 morare
707 2426 904 2467 praeceptis,
938 2425 1082 2467 aliosque
1114 2425 1240 2456 erudire
1272 2425 1419 2455 studeas.
1453 2428 1487 2455 ut
1520 2424 1615 2455 fidem
1641 2423 1767 2454 discant

118 2476 323 2516 catholicam,
349 2487 485 2519 eamque
511 2477 618 2508 sobria
643 2488 776 2519 operum
801 2478 1049 2508 conversatione
1077 2476 1267 2511 ostendant,
1292 2477 1520 2518 patientesque
1546 2480 1641 2517 atque
1664 2475 1766 2506 bene-

118 2528 168 2559 fici
193 2539 264 2561 esse
289 2528 484 2560 contendant
508 2530 539 2559 in
564 2529 671 2560 socias
698 2529 791 2560 huius
816 2529 936 2560 laboris
961 2530 1112 2560 animasfl

224 2658 282 2684 263.
321 2658 345 2691 ³)
365 2661 443 2685 vestri
461 2660 555 2684 diocesi
574 2660 608 2684 H.
681 2659 704 2690 b)
725 2668 803 2685 vocar
824 2660 857 2685 H.

223 2701 281 2727 264.
318 2703 342 2733 ¹¹)
363 2704 433 2728 fratri
453 2703 475 2728 S
488 2706 508 2727 1.

221 2778 247 2810 1)
268 2778 414 2813 Reyinensi
438 2788 511 2804 (mmm
538 2783 588 2805 791.
612 2782 721 2805 waima?
742 2794 769 2797 —
790 2783 843 2805 817.
871 2780 966 2806 Gru-olo
991 2781 1043 2806 iam
1067 2781 1228 2813 'superator-e
1251 2788 1310 2805 enm
1337 2778 1457 2804 Turonos
1482 2779 1578 2805 renis-se
1602 2787 1634 2806 ca:
1665 2788 1705 2813 ep,
1724 2784 1770 2805 265

114 2830 143 2856 p.
157 2825 209 2848 424
228 2822 312 2849 elucet.
