2089 3171
67 727 92 746 10

65 986 89 1004 1⁵

61 1766 86 1786 25

60 2025 86 2044 3⁰

59 2283 84 2302 35

57 2627 84 2646 40

697 149 847 175 ALCVINI
866 149 1075 177 EPISTOLAE.
1113 153 1168 178 151.
1190 153 1246 178 152.
1712 156 1772 186 247

121 272 300 296 CARISSIMO
320 272 421 295 PATRI
441 271 591 302 MfflIQL'E
609 272 681 296 CUM
702 272 801 296 NIMIO
820 272 960 296 HONORE
980 273 1045 297 VEL
1066 274 1184 297 AMORE
1204 274 1410 299 NOMINANDO
1432 268 1512 300 Nsffi.
1528 278 1687 301 El’lSCOI’o
1708 279 1774 302 lim)

121 316 201 339 uma
214 315 450 339 F1DEL1SS1ML’S
469 315 580 339 FILics
593 315 723 339 VESTER
742 316 807 339 PER
827 315 892 340 Hos
906 316 1023 339 APIOEs·
1044 317 1076 339 ix
1098 317 1166 340 neo
1185 311 1296 341 iiii-m:
1316 319 1358 342 ET
1379 319 1513 343 noum»
1534 321 1608 343 nasi·
1628 321 1773 344 ‹iiiusTo

427 358 589 383 OPTAMUS
607 359 763 382 VESTRAE
782 359 1014 383 PATERNITATI
1034 359 1279 384 SEMi’lTERNAM
1299 362 1467 386 SALUTEM.

228 407 413 439 Gratiarum
430 408 596 440 actionesb
613 412 740 439 vestrae
765 408 904 439 almitati
921 408 1037 439 devota
1061 413 1170 440 mente
1195 411 1411 452 persolvimus
1436 422 1494 454 pro
1513 414 1598 443 omni
1615 413 1771 446 bonitate.

121 470 204 501 quae
225 470 302 501 erga
325 464 470 490 nostram
494 461 687 501 parvitatem
705 464 815 491 vestra
839 460 994 490 sanctitas
1014 461 1216 492 incessanter
1241 462 1417 503 inpendere
1438 463 1604 504 dignatur:
1630 466 1771 496 maxime

118 522 176 552 pro
209 511 307 542 sacris
337 511 535 542 orationibus
560 512 691 543 vestris.
723 521 802 552 quas
832 521 889 552 pro
921 511 1013 542 nobis
1045 511 1182 543 Domino
1218 513 1367 544 fundere.
1403 519 1437 544 ut
1469 515 1675 546 confidimus.
1709 527 1772 547 uon

120 562 349 604 dedignamini.
395 563 569 594 Mellifluos
598 564 708 604 apices
734 566 858 594 vestros
884 567 915 594 et
939 563 1025 593 omni
1050 563 1172 595 honore
1199 564 1404 606 dignissimos
1431 567 1641 608 suscepimus.
1681 570 1769 603 Quos

118 615 282 656 perlectos
307 625 348 645 ex
378 618 470 656 parte
500 625 558 645 nos
589 615 850 646 laetificaverunt
882 618 915 645 et
946 625 987 646 ex
1020 621 1111 656 parte
1146 616 1255 646 tristes
1288 616 1514 655 reddiderunt.
1547 629 1584 649 co
1616 619 1700 660 quod
1726 621 1769 650 eis

117 665 335 697 indicantibus
360 670 504 697 vestrum
536 666 754 697 intelleximus
786 666 930 697 laborem
964 666 1004 697 de
1035 667 1221 698 infirmitate
1251 669 1392 709 corporis
1418 670 1551 700 vestri¹.
1599 670 1663 701 Sed
1694 670 1768 711 quid

118 718 234 749 melius
259 718 320 748 nisi
345 717 523 749 secundum
547 719 732 760 apostolum
762 717 902 749 libenter
935 719 1112 759 gloriemur
1140 719 1172 749 in
1204 719 1446 750 infirmitatibus
1476 721 1596 751 nostris
1622 729 1654 752 et
1678 722 1793 752 alibizz‘

1784 779 1846 798 rm:
1861 781 1880 803 3,
1893 782 1923 800 1‘2.

116 769 234 805 ‘Quem
258 769 343 800 enim
368 769 474 810 diligit
496 769 656 800 Dominus
683 770 829 811 corripit.
855 774 887 801 et
912 770 1003 811 quasi
1028 774 1121 812 pater
1147 770 1177 800 in
1202 770 1267 801 filio
1293 772 1462 812 conplacet
1488 771 1571 802 sibi'.

224 820 274 852 De
298 820 414 852 itinere
441 820 549 851 domni
574 821 660 862 regis
685 820 764 851 nihil
789 824 914 852 certum
940 821 1120 852 audivimus
1145 832 1204 853 nec
1230 833 1410 864 speramus.
1436 827 1471 854 ut
1496 824 1540 854 sic
1566 824 1627 854 cito
1652 823 1772 855 debeat

115 883 150 904 se
174 883 363 914 promovere
387 873 420 903 in
443 873 507 903 illis
532 872 678 914 partibus
689 871 711 902 ².

224 924 275 955 De
300 935 399 955 causa.
415 935 493 956 vero
511 928 621 956 vestra
638 924 778 956 Domino
798 925 934 956 volente.
961 925 1043 956 sicut
1061 925 1154 956 vobis
1179 936 1234 956 ore
1259 926 1389 967 proprio
1408 926 1620 957 condiximus.
1646 932 1770 958 certare

116 975 251 1007 abemus
275 975 316 1006 ad
339 976 515 1007 utilitatem
541 980 685 1007 nostram
703 986 905 1007 communem
930 976 961 1007 in
978 976 1130 1008 Domino.
1170 977 1242 1008 Non
1268 977 1385 1008 oblitus
1404 989 1458 1009 ero
1483 979 1538 1009 tui.
1564 978 1770 1010 dilectissime

114 1030 217 1069 pater,
242 1037 301 1058 nee
326 1027 366 1058 de
390 1031 445 1058 tuo
470 1027 626 1068 profecto.
652 1028 684 1058 in
710 1031 865 1069 quantum
882 1027 1025 1059 Domino
1050 1029 1223 1059 miserante
1248 1029 1353 1063 valeo,
1379 1030 1527 1060 omnibus
1553 1030 1666 1061 diebus
1686 1031 1769 1062 vitae

113 1089 217 1110 meae.
262 1078 335 1109 Non
360 1079 562 1110 obliviscaris
586 1079 660 1118 mei,
691 1080 893 1110 sanctissime
925 1083 1018 1121 pater
1042 1084 1075 1110 et
1105 1080 1294 1111 fidelissime
1319 1081 1433 1119 amice,
1464 1086 1592 1124 tempus
1618 1083 1649 1112 in
1675 1093 1769 1114 omne

117 1130 172 1161 tui.
221 1130 270 1161 Sit
293 1130 383 1161 Deus
408 1130 535 1161 adiutor
560 1134 688 1162 nosterc
713 1134 744 1162 et
769 1131 819 1161 hie
844 1136 876 1162 et
905 1131 935 1161 in
960 1136 1140 1164 aeternum.
1189 1132 1306 1163 Amen.
1333 1144 1437 1163 amen.

909 1357 978 1386 152.

219 1415 424 1456 Anyilbertus
439 1416 535 1448 abbas
551 1415 582 1448 S.
595 1415 744 1448 Richario'
764 1417 960 1449 Centulensis
975 1417 1102 1448 Arnon?
1117 1416 1344 1456 archiepiscopo
1361 1417 1593 1456 Salisbaecrqcnsi
1609 1417 1769 1456 respondet

113 1468 150 1499 de
171 1468 239 1499 eius
260 1468 303 1499 ad
328 1468 475 1500 Carolum
491 1469 515 1499 I
533 1479 631 1508 reqem
653 1479 785 1500 accessa.
991 1493 995 1496 .
1611 1470 1681 1499 798.

219 1527 297 1554 Gasld.
315 1527 338 1554 S
353 1528 400 1560 fol.
415 1531 479 1554 198¹.

215 1570 285 1597 ffld.
305 1571 455 1597 Frobenius
475 1571 517 1604 ΙΙ,
536 1574 590 1603 563,
608 1571 685 1603 Jaffe'
704 1571 828 1597 Biblioch.
844 1571 893 1604 IV,
909 1573 965 1598 367.
986 1586 1018 1590 ———
1038 1571 1131 1604 Illique
1151 1571 1196 1603 CI,
1217 1574 1284 1597 1319.

198 1659 310 1684 FILIUS
328 1660 462 1684 FIDELIS
481 1652 564 1685 NO—M.
584 1659 807 1684 SANCTISSIMO
826 1660 929 1684 PATRI
948 1659 1098 1689 MLHIQL'E
1117 1659 1189 1683 CUM
1208 1659 1308 1683 NIMIO
1328 1659 1446 1683 AMORE
1464 1659 1530 1682 VEL
1550 1660 1688 1684 IIONORE

612 1703 818 1727 NOMINANDO
837 1703 902 1727 ILL.
921 1702 1082 1727 Episcopo
1102 1702 1271 1726 SALUTEM.

1809 275 1867 305 798

1797 745 1801 749 .
1812 728 1858 748 Cor.
1872 730 1903 749 12.
1914 731 1933 749 9.

220 1752 390 1785 Inmensas
421 1754 544 1795 gratias
575 1753 787 1795 omnipotenti
816 1753 887 1784 Deo
912 1753 991 1784 IIII.
1016 1752 1094 1784 Idus
1125 1752 1266 1794 Augusti
1297 1753 1480 1790 retulimus.
1521 1764 1593 1784 cum
1626 1754 1829 1795 el›ist‹)l;1A:12.
1847 1767 1877 1783 lo.

113 1807 221 1836 vestra
251 1805 415 1837 indicante
440 1810 583 1837 vestram
614 1806 826 1847 cognovimus
859 1805 1111 1836 desiderabilem
1147 1805 1339 1846 sospitatem
1372 1809 1404 1836 et
1434 1804 1629 1836 laudabilem
1660 1806 1763 1836 fclici-

112 1859 222 1895 tatem,
247 1857 341 1888 testis
366 1857 445 1888 mihi
469 1857 560 1889 Deus
585 1861 646 1897 est,
671 1868 767 1899 quam
792 1856 1016 1888 indesinenter
1039 1854 1150 1887 a‘udire
1176 1860 1207 1887 et
1231 1856 1342 1887 videre
1367 1856 1528 1888 desidero.

219 1907 270 1940 De
295 1908 356 1939 hoc
381 1919 457 1940 vero
488 1909 574 1950 quod
598 1909 742 1951 petistis.
774 1912 808 1939 ut
839 1907 1012 1949 diligenter
1044 1911 1276 1943 tractaremus,
1308 1908 1467 1949 quomodo
1491 1918 1547 1938 vos
1580 1918 1677 1949 agere
1709 1907 1763 1938 de-

111 1958 275 1999 buissetis,
300 1960 420 1991 idcirco
437 1965 560 1992 certam
583 1966 671 1992 rem³
695 1955 836 1992 scribere
858 1960 953 1991 vobis
978 1970 1041 1991 non
1067 1960 1170 1997 valeo,
1197 1960 1271 2001 quia
1296 1960 1439 1991 incertus
1457 1959 1560 1991 adhuc
1586 1970 1700 1991 maneo
1725 1959 1764 1990 de

114 2012 301 2044 reversione
326 2012 436 2044 domni
459 2013 557 2054 regis.
592 2012 717 2044 Tamen
741 2023 806 2043 non
824 2011 950 2042 videtur
973 2010 1067 2042 nobis
1092 2012 1313 2042 necessarium
1337 2011 1464 2053 longius
1481 2022 1539 2042 vos
1564 2012 1610 2043 ire
1636 2011 1762 2042 obviam

111 2063 172 2102 ei³‚
198 2064 261 2095 nisi
285 2074 389 2106 usque
413 2064 454 2095 ad
477 2064 612 2103 Renum,
642 2068 779 2106 excepto
805 2064 832 2095 si
856 2064 956 2094 iussio
982 2064 1051 2094 eius
1076 2063 1116 2094 ad
1141 2074 1197 2094 vos
1222 2074 1284 2094 non
1310 2064 1444 2095 venerit.

218 2115 268 2147 De
293 2117 463 2158 conloquio
488 2120 598 2148 autem
629 2120 739 2147 nostro
764 2116 825 2147 scit
849 2116 1052 2158 omnipotens
1076 2115 1177 2153 Deus.
1211 2116 1284 2156 quia
1310 2116 1396 2146 omni
1421 2115 1582 2147 desiderio
1613 2115 1762 2147 desidero

110 2166 229 2199 faciem
253 2170 408 2204 vestram3
439 2171 471 2199 et
495 2179 602 2210 spero,
633 2168 720 2210 quod
743 2168 888 2209 utrisque
914 2167 1071 2209 proficiat.
1104 2167 1131 2198 si
1155 2172 1228 2198 ante
1254 2167 1414 2209 loquimur
1437 2167 1576 2198 insimul.
1603 2178 1697 2209 quain
1722 2167 1761 2198 ad

111 2218 263 2250 domnum
287 2229 399 2261 regem
416 2220 564 2252 veniatis.
600 2220 724 2252 Tamen
749 2221 776 2251 si
800 2220 861 2251 hoc
878 2219 975 2251 debet
999 2230 1072 2251 esse
1097 2222 1172 2250 ante
1196 2219 1399 2249 nativitatem
1423 2222 1554 2249 sanctae
1576 2219 1638 2250 Dei
1661 2230 1760 2260 gene-

112 2271 202 2302 tricis
225 2270 361 2310 Mariae,
385 2281 469 2312 quae
495 2276 545 2303 est
560 2271 619 2304 VI.
636 2272 714 2303 Idus
738 2271 949 2314 Septembris.
975 2276 1052 2302 tunc
1076 2281 1213 2302 necesse
1239 2274 1298 2308 est,
1324 2274 1358 2301 ut
1381 2281 1483 2312 usque
1508 2270 1547 2301 ad
1573 2281 1629 2301 nos
1654 2275 1761 2302 vestra
1773 2279 1832 2304 Sept.
1849 2281 1867 2299 s.

111 2323 267 2354 sanctitas
298 2323 486 2362 declinetur.
519 2328 554 2355 ut
583 2326 615 2355 et
646 2324 826 2355 orationem
856 2323 990 2354 fruatisb
1021 2323 1054 2353 in
1078 2322 1218 2353 Domino
1249 2323 1281 2353 in
1312 2322 1451 2353 ecclesia
1482 2322 1584 2353 sancti
1608 2321 1760 2354 Richarii.

109 2374 334 2406 intercessoris
356 2375 469 2406 -vestri,
494 2379 526 2406 et
551 2375 718 2407 caritatem
745 2376 920 2406 fraternam
947 2375 1109 2417 impleatis
1135 2374 1166 2404 in
1192 2373 1301 2404 nobis:
1327 2375 1399 2415 quia
1426 2384 1482 2404 nos
1506 2373 1599 2404 valdo
1624 2385 1760 2404 necesso

216 2504 273 2530 151.
311 2508 334 2536 ³)
353 2505 388 2529 ill.
408 2513 511 2530 erasum
530 2510 572 2530 est.
643 2504 668 2535 b)
687 2506 794 2530 actionis
813 2503 838 2530 S.
911 2505 933 2535 c)
952 2508 981 2529 nt
1003 2505 1029 2529 S.

215 2545 272 2573 152.
309 2547 333 2579 ³)
353 2551 421 2572 certa
439 2556 492 2572 rem
512 2547 540 2573 S.
611 2547 635 2579 b)
655 2556 691 2573 (ιη
710 2549 828 2573 faciatis?
846 2548 870 2572 J.

215 2614 240 2647 1)
261 2613 301 2646 Cf.
317 2614 394 2647 infra
406 2615 478 2648 epist.
494 2619 545 2641 158.
617 2616 644 2647 2)
664 2615 693 2641 Si
711 2615 747 2641 acl
765 2616 814 2642 iter
826 2615 989 2641 Saxonicum
1001 2615 1064 2640 hacc
1073 2615 1207 2648 pertinere
1225 2612 1405 2639 coniciendum
1424 2615 1466 2644 ese,
1487 2615 1578 2638 ulrum
1592 2613 1761 2645 Anyilberlus

108 2657 297 2690 profediaemem
314 2667 352 2684 an
370 2658 486 2684 reditum
497 2659 584 2685 dicere
604 2659 662 2684 velit
680 2667 737 2685 non
755 2659 844 2692 liquet.
915 2660 940 2690 3)
954 2659 1075 2684 Arrwnis
1094 2658 1129 2683 nd
1143 2658 1266 2683 Carolum
1288 2657 1342 2688 iter,
1362 2655 1392 2681 (le
1404 2664 1455 2688 ‘11‘0
1473 2658 1496 2681 εἰ
1512 2656 1646 2688 superiore
1663 2660 1761 2689 ep.1.51

108 2703 131 2726 et
149 2700 200 2727 hac
217 2701 308 2735 agitem·
325 2709 399 2727 anno
420 2705 470 2727 797.
492 2704 601 2734 propter
619 2702 865 2735 archiepiscopalem
883 2702 1038 2735 diffluentem
1055 2702 1157 2734 sciolum
1177 2708 1228 2726 csse
1247 2699 1454 2731 ‹acis-einiat-erim,
1478 2707 1531 2731 qna
1550 2699 1669 2731 sequenti
1686 2707 1760 2725 anno

111 2747 164 2771 798.
184 2744 285 2771 Romae
307 2743 472 2777 approbante
491 2744 585 2771 θαι-οἷο
603 2746 682 2772 Arno
705 2754 722 2771 α
742 2745 830 2771 Leone
849 2745 899 2771 ΠΙ
919 2745 1035 2771 donatus
1054 2747 1098 2770 est.
1119 2744 1144 2770 J.
1185 2743 1244 2776 Ego
1258 2742 1347 2775 potius
1364 2742 1478 2768 reditum
1502 2743 1557 2767 cius
1579 2741 1684 2767 domum
1704 2743 1760 2767 An-

105 2786 245 2821 qilbertum
263 2786 345 2814 dicere
364 2787 424 2813 velle
440 2788 568 2821 suspicor.
