2089 3171
738 155 889 181 ALCVINI
908 156 1116 183 EPISTOLAE.
1155 158 1212 184 143.
1690 162 1752 192 239

100 239 221 271 habent
247 240 326 271 haec
352 241 415 272 duo
447 242 539 282 signa
563 241 632 272 dies
658 243 831 283 sexaginta
854 246 886 274 et
916 243 1013 274 horas
1039 244 1173 285 viginti³
1197 246 1326 276 [mamb.
1374 246 1442 277 Has
1467 247 1549 277 addc
1575 247 1613 278 ad
1639 258 1750 289 supra>
1787 249 1847 278 798

101 292 222 333 scripta
246 293 354 333 signa:
388 297 421 323 ct
449 292 550 324 habes
581 292 650 324 dies
682 298 845 324 trecentos
877 299 908 325 et
940 295 1036 326 horas
1070 299 1219 326 centum⁰
1244 297 1395 338 quinque.
1443 298 1483 329 Et
1515 299 1612 330 intrat
1641 299 1689 330 sol
1722 300 1751 330 in
1785 290 1891 335 ³'''.³,'.²,·.is¹'''

99 343 299 384 Aquarium²¹
323 343 467 374 decimac
497 344 575 375 hora
600 345 718 376 noctis:
751 349 783 376 ct
808 346 897 377 exiet
921 346 961 377 dc
987 347 1148 388 Aquariof
1176 348 1253 378 hora
1277 350 1435 390 septima&
1460 350 1523 381 diei
1555 354 1585 381 ct
1611 351 1752 381 secundo

98 399 218 436 puncto
245 395 343 426 horae
370 395 537 427 octavaeh.
584 396 625 427 Et
659 397 756 428 intrat
789 398 885 428 tertio
918 402 1037 439 puncto
1068 400 1227 430 octavaell
1257 400 1369 431 horaei
1399 401 1463 432 diei
1498 403 1529 432 in
1561 402 1689 433 Pisces:
1722 408 1753 433 ct

60 455 71 474 5
100 447 189 477 exiet
213 446 252 477 de
268 446 417 478 Piscibus
442 447 556 478 sextak
581 448 660 479 hora
683 449 788 479 noctis
813 450 918 490 plena.
965 449 1006 479 Et
1031 450 1111 481 hae¹
1136 455 1210 481 sunt
1236 462 1294 482 sex
1320 452 1428 483 horae.
1455 463 1535 494 quae
1561 454 1600 484 de
1626 455 1752 495 punctis

97 498 301 540 singulorum
328 499 493 540 signorum
519 499 722 531 adcrescunt.
763 500 804 531 Et
814 506 834 518 ¹¹¹
858 501 980 532 habent
1002 501 1083 532 haec
1101 502 1162 532 dno
1189 503 1283 543 sigua
1307 505 1479 545 sexaginta
1495 505 1563 535 dics
1590 510 1621 536 et
1639 506 1751 547 viginti

96 561 194 581 unam
218 550 362 582 horamu.
409 551 479 582 Has
514 551 596 583 adde
628 551 667 582 ad
699 553 937 594 suprascriptos
972 553 1043 584 dies
1068 554 1118 584 vel
1143 554 1255 585 horas:
1289 560 1348 585 ct¹'¹
1374 556 1454 586 fiunt
1478 557 1547 587 dies
1580 557 1751 589 duodecim

97 603 261 643 signorum
292 604 427 634 trecenti
462 604 633 645 sexaginta
669 608 701 634 ct
730 604 827 635 horae
862 608 991 636 centum
1023 606 1136 646 viginti
1173 617 1241 637 sOX.
1296 607 1422 638 l'artirc
1458 615 1586 639 centum
1620 610 1751 650 viginti⁰

97 654 193 685 horas
224 665 282 696 per
313 655 428 696 viginti
464 660 629 696 quattuor.
663 663 694 686 et
725 656 806 687 fiunt
835 657 1006 698 quinquies
1040 658 1154 698 viginti
1188 663 1354 699 quattuor.
1387 660 1472 700 quod
1505 664 1579 691 sunt
1610 662 1750 703 quinque

45 714 70 732 ιο
97 705 199 738 diesv.
245 706 287 737 Et
312 711 406 737 erunt
430 708 528 738 totius
553 708 628 738 anni
654 709 852 739 trecenteni⁴¹
876 710 1034 750 sexageni
1059 711 1255 752 et‘quinque
1280 711 1350 742 dies
1382 716 1413 742 et
1439 718 1513 743 sexf
1537 712 1650 744 horae:
1677 714 1749 754 quia

95 761 209 789 anteass
232 758 376 789 habuisti
402 763 530 790 centum
548 760 661 801 viginti
687 770 745 790 sex
762 760 868 791 horas.
906 761 996 792 Hae‘
1020 772 1079 792 sex
1104 761 1224 793 horaeu
1249 773 1308 804 per
1324 763 1590 804 sluadrienniumv
1608 764 1751 795 ductaew

95 810 216 841 faciunt
240 811 352 852 viginti
377 814 530 852 quattuor
553 811 666 843 horas:
691 812 775 852 quod
801 816 850 843 est
874 823 956 844 unus
982 813 1061 851 dies.
1087 824 1181 854 quem
1206 813 1313 844 Latini
1338 815 1519 846 bissextum
1546 821 1671 847 vocant.
1712 817 1751 847 Et

95 862 122 893 si
146 872 210 892 non
235 862 430 894 addereturx
453 864 485 894 in
503 863 680 895 Februario
705 868 820 904 quarto
845 875 928 895 anno
952 864 1033 896 haec
1051 865 1128 896 dies.
1154 866 1289 897 intraret
1313 867 1422 907 itaque
1448 867 1492 897 sol
1512 872 1642 907 quartas
1664 868 1750 900 deci-

94 924 164 945 mas
188 914 261 945 Kal.
278 915 399 957 Aprilis
432 916 534 957 prima
558 915 636 946 hora
659 916 764 946 noctis
789 916 820 946 in
845 916 1007 947 Arietem:
1040 921 1072 948 et
1096 920 1167 958 post
1192 923 1320 948 centum
1347 918 1459 959 viginti
1489 929 1591 950 annos
1617 920 1751 950 tarditas

44 975 67 993 ¹⁵
95 967 186 1005 solis⁷
218 966 295 998 dum
319 967 465 998 Arietem
497 967 618 998 intrare
648 967 828 999 debuisset.
863 968 1016 999 intrasset
1049 970 1157 1011 itaque
1183 969 1340 1000 Taurum.
1374 970 1424 1000 my
1455 970 1524 1001 dies
1556 971 1687 1012 triginta
1719 973 1748 1002 iu

95 1023 224 1051 centum
247 1020 362 1061 viginti
386 1019 477 1050 annis
501 1019 690 1050 bissextiles
715 1022 914 1061 augerentur
937 1021 1045 1051 cursui
1069 1021 1184 1052 illius2.

180 1071 293 1102 Haec³
318 1072 370 1102 etb
402 1071 583 1102 huiusmodi
615 1071 757 1102 rationes
781 1075 847 1102 tam
873 1078 1088 1103 suavescunte
1117 1073 1170 1103 ind
1196 1073 1456 1104 consideratione
1481 1074 1671 1105 scientibus.
1697 1082 1749 1106 111Ε

95 1123 222 1156 ceteref
243 1127 329 1155 artes
353 1123 604 1165 philosophiae&
628 1124 733 1155 solent
757 1124 851 1155 esseh
876 1125 1015 1156 discenti
1041 1129 1073 1156 et
1104 1126 1306 1167 intellegenti
1333 1137 1399 1158 eas,
1442 1126 1539 1157 Nam*
1564 1127 1749 1169 philosophi

93 1187 157 1208 non
188 1176 320 1207 fuerunt
353 1175 536 1206 conditores
566 1176 678 1206 harum
705 1177 832 1208 artium.
867 1177 922 1208 sed
954 1178 1152 1210 inventores,
1198 1178 1282 1209 Nam
1307 1183 1436 1209 creator
1469 1179 1612 1210 omnium
1643 1191 1749 1210 rerum

43 1237 68 1256 20
96 1228 238 1260 condidit
263 1239 318 1259 cas
342 1229 374 1258 in
400 1228 532 1265 naturis.
564 1228 648 1258 sicut
672 1228 791 1258 voluit:
823 1229 868 1259 illi
894 1239 979 1264 vero.
1012 1230 1065 1271 qui
1095 1230 1312 1271 sapientiores
1339 1230 1454 1260 erantk
1480 1231 1511 1261 in
1537 1230 1666 1262 mundo.
1701 1232 1747 1262 in-

94 1284 244 1312 ventores
269 1283 362 1322 erant
385 1279 499 1310 harum
524 1280 640 1310 artium
672 1280 703 1310 in
728 1281 850 1311 naturis
874 1292 996 1312 rerum:
1031 1282 1115 1312 sicut
1139 1281 1178 1312 de
1204 1282 1273 1312 sole
1305 1286 1337 1312 et
1361 1282 1436 1312 luna
1469 1286 1501 1312 et
1525 1282 1629 1313 stellis
1653 1283 1748 1314 facile

92 1332 199 1375 potes1
222 1332 425 1374 intellegere.
464 1331 548 1367 Quid
575 1331 689 1362 aliudm
714 1332 745 1362 in
771 1333 838 1363 sole
863 1337 895 1363 et
918 1333 995 1364 luna
1020 1338 1052 1366 et
1077 1333 1238 1364 sideribus
1258 1333 1500 1364 consideramus
1526 1338 1557 1364 et
1574 1335 1749 1366 miramur-¹¹

92 1385 153 1416 nisi
178 1384 372 1426 sapientiam
398 1384 555 1414 creatoris
580 1388 612 1414 et
637 1394 750 1414 cursus
775 1384 901 1415 illorum
925 1385 1115 1416 naturales?
1159 1385 1277 1416 Fertur
1301 1386 1410 1427 itaque
1435 1386 1622 1417 Ab1-ahan10
1647 1388 1748 1428 patri-

92 1437 212 1468 archa¹¹
237 1447 278 1467 ex
303 1436 500 1476 astrologiae
525 1436 671 1467 rationeq
696 1439 874 1467 creatorem
897 1436 1005 1468 Deum
1030 1437 1235 1468 intellexisse
1261 1442 1293 1469 et
1318 1448 1501 1469 venerasse.
1543 1438 1603 1469 Etr
1629 1439 1746 1470 exinde

41 1499 64 1518 25
93 1489 214 1520 amicus
238 1488 299 1519 Dei
323 1488 507 1529 appellatus
533 1492 590 1518 est.
626 1492 658 1518 ct
682 1492 859 1529 temptatus
886 1489 917 1518 in
942 1489 1004 1519 fide
1039 1489 1100 1519 iam
1126 1490 1217 1520 fortis
1243 1490 1393 1521 inventus
1420 1496 1480 1522 cst.
1526 1490 1609 1521 Nam
1635 1478 1912 1536 dicuntiii-'ilri'iiffjv

90 1540 215 1572 Hebrei
239 1540 366 1572 exisses
391 1550 465 1570 eum
489 1539 528 1570 de
547 1539 594 1570 Ur
611 1539 815 1570 Caldeorum.
843 1539 873 1570 id
900 1544 949 1570 est
974 1540 1013 1571 de
1038 1541 1111 1581 igne
1131 1541 1326 1572 Caldeorum
1343 1543 1367 1572 ¹:
1393 1543 1483 1584 quiat
1507 1542 1619 1573 Caldci
1638 1532 1811 1584 igneiii⁴'⁰¹¹'
1830 1533 1851 1550 ¹⁶
1879 1542 1892 1550 ‘⁴

90 1603 147 1635 pro
170 1592 242 1624 Deo
266 1593 446 1623 coluerunt.

199 1644 337 1676 Solebat
370 1643 529 1685 magister
559 1644 674 1674 meus²
706 1643 785 1674 mihi
811 1644 942 1685 saepius
967 1644 1091 1675 dicere:
1125 1644 1378 1686 ‘Sapientissimi
1411 1646 1577 1676 hominum
1606 1646 1744 1677 fuerunt.

91 1698 144 1740 qui
168 1697 227 1728 has
252 1700 339 1728 artes
370 1696 403 1726 in
433 1696 557 1726 naturis
590 1706 696 1726 rerum
730 1696 935 1727 invenerunt.
983 1696 1202 1738 Obprobrium
1234 1702 1282 1727 est
1312 1697 1445 1739 grande.
1479 1704 1513 1728 ut
1545 1698 1746 1729 dimittamus

39 1758 64 1777 so
92 1759 147 1780 eas
171 1749 278 1791 perire
304 1748 419 1779 diebus
443 1747 583 1778 nostris'.
623 1747 686 1778 Sed
713 1758 796 1779 nunc
821 1748 1073 1790 pusillanimitas
1100 1749 1274 1780 multorum
1300 1760 1362 1780 non
1381 1754 1471 1781 curat
1497 1751 1578 1781 scire
1605 1751 1747 1781 rationes

90 1812 207 1839 rerum,
232 1811 312 1842 quas
336 1803 464 1831 creator
487 1799 631 1831 condidit
656 1800 687 1830 in
711 1800 844 1831 naturis.
889 1800 980 1831 Scisu
1005 1801 1136 1841 optime.
1163 1806 1281 1842 quamv
1305 1801 1407 1832 dulcis
1434 1809 1484 1833 est
1509 1803 1539 1833 in
1566 1803 1746 1833 rationibus

89 1853 330 1891 arithmeticaW‚
355 1857 472 1894 quamv
496 1852 683 1883 neccssaria
700 1852 740 1883 ad
759 1852 1003 1893 cognoscendas
1026 1853 1203 1894 scripturas
1227 1853 1369 1884 divinas:
1395 1860 1511 1896 quamV
1536 1855 1673 1885 iocunda
1698 1859 1745 1885 cst

91 1905 231 1947 cognitio
255 1905 444 1936 caelestium
477 1907 637 1935 astrorum
669 1908 702 1935 et
726 1914 840 1935 cursus
871 1905 1011 1935 illorum.
1059 1904 1101 1935 Et
1125 1912 1231 1935 tamen
1265 1916 1355 1936 rarus
1382 1910 1440 1939 est.
1473 1906 1527 1947 qui
1560 1907 1636 1937 talia
1663 1907 1745 1937 scire

89 1960 189 1990 curet.
234 1956 277 1988 Et
301 1956 383 1999 quod
408 1957 501 1998 peius
527 1961 587 1987 est.
613 1956 877 1997 reprehenduntx
902 1956 983 1988 haec
1009 1957 1092 1987 scire
1118 1957 1296 1988 studentes.

38 2017 62 2037 ³⁵
199 2008 241 2040 Et
264 2012 440 2050 utcumque
465 2009 541 2040 illay
566 2009 761 2039 naturalium
786 2019 893 2039 rerum
918 2009 1080 2050 ignoratio
1100 2009 1306 2051 inculpabilis
1330 2010 1493 2051 potuisset
1517 2011 1580 2041 illis
1605 2022 1693 2042 esse:
1719 2013 1745 2042 si

90 2061 205 2093 divinis
223 2072 257 2093 se
279 2061 368 2103 ipsos
390 2060 519 2092 tradere
537 2060 715 2092 voluissent
733 2061 908 2102 scripturis.
935 2066 967 2092 et
985 2061 1132 2092 laborare
1156 2062 1188 2092 in
1206 2062 1279 2099 illis⁷
1306 2062 1336 2092 in
1355 2062 1472 2103 quibus
1490 2063 1573 2093 vitae
1591 2068 1745 2094 aeternae

90 2114 230 2155 cognitio
256 2112 491 2144 consideratur.
517 2116 549 2144 et
574 2117 607 2143 ut
632 2113 816 2154 potuissent
840 2112 936 2144 fidem
962 2113 1154 2144 catholicam
1172 2114 1333 2144 veraciter
1356 2113 1531 2146 defendere
1558 2118 1589 2145 et
1611 2114 1742 2145 fiducia-

91 2166 165 2197 liter
181 2169 267 2197 stare
283 2168 392 2196 contra
409 2165 615 2196 adversarios
632 2165 761 2195 Uhristi.
781 2176 838 2206 per
855 2176 933 2206 quos
952 2165 1148 2196 multimodis
1163 2165 1283 2196 diaboli
1301 2166 1421 2196 astutia
1440 2166 1534 2197 tidem
1551 2167 1742 2197 catholicam

197 2278 222 2311 ²²)
245 2283 270 2304 et
288 2288 366 2304 unam
387 2279 418 2303 R.
499 2279 523 2309 b)
543 2288 597 2304 una
620 2279 647 2303 T.
729 2280 750 2310 c)
771 2280 790 2304 C
810 2285 834 2304 et
847 2280 869 2303 V
889 2279 920 2304 R.
1001 2278 1026 2311 d)
1050 2288 1177 2312 aquarum
1197 2280 1228 2304 R.
1310 2281 1331 2311 e)
1352 2282 1435 2306 Vilia
1457 2282 1504 2306 Ln.
1586 2281 1605 2314 f)
1625 2292 1692 2314 aqua
1720 2283 1744 2307 T.

37 2327 62 2346 4⁰
89 2321 113 2353 Β)
132 2323 190 2347 VIa
204 2322 266 2351 Lu.;
285 2327 374 2348 octava
392 2323 418 2348 Τ.
491 2322 516 2354 h)
535 2323 642 2355 septime
660 2323 710 2347 Lu.
781 2322 798 2353 1’)
818 2332 864 2347 οηι.
886 2323 912 2347 Τ.
982 2321 1009 2354 k)
1023 2332 1067 2347 sex
1088 2323 1113 2347 T.
1186 2322 1204 2355 1)
1226 2324 1289 2348 haec.
1308 2324 1333 2349 T.
1406 2329 1438 2355 ¹¹¹)
1459 2335 1506 2349 om.
1522 2325 1570 2350 Lm.
1643 2326 1672 2355 ¹¹)
1693 2335 1745 2351 uua

88 2366 150 2391 hora
180 2365 212 2394 T,·
239 2366 301 2391 hora
324 2365 373 2390 Lu..
497 2367 522 2397 0)
547 2367 653 2391 (A'XXVI
679 2366 727 2390 Lu.
848 2367 872 2389 l‘l
902 2372 926 2391 et
950 2367 985 2390 VI
1008 2367 1084 2391 horas
1109 2367 1170 2391 add.
1196 2368 1230 2392 al.
1254 2377 1323 2392 utun.
1350 2368 1396 2392 Lu.
1504 2370 1527 2390 (ιδ
1553 2370 1685 2394 tricenteni
1713 2370 1742 2394 [ι’.

88 2408 109 2439 ¹¹)
128 2413 201 2440 sexte
215 2409 246 2433 H.
318 2408 339 2439 ⁵)
359 2417 425 2441 quas·
444 2414 502 2434 ante
522 2414 544 2434 el
563 2410 587 2433 1'11
609 2410 733 2441 marfstssl.
751 2409 790 2435 vel
810 2411 871 2441 quia
887 2410 918 2434 R.
991 2410 1009 2434 ‘l
1030 2410 1076 2434 has
1101 2410 1126 2440 'I'5
1147 2410 1178 2440 II,
1198 2410 1246 2434 Lu.
1319 2412 1343 2437 Π)
1365 2412 1437 2435 lwrus
1463 2412 1488 2436 T.
1510 2413 1565 2436 Lu..
1585 2413 1658 2437 lwras
1678 2422 1744 2437 corr.

86 2452 114 2477 in
132 2453 209 2477 horae
222 2452 254 2476 B.
326 2452 351 2483 v)
371 2453 550 2484 quatiennium
566 2453 596 2477 Ja'.
667 2457 698 2479 “l
718 2454 808 2477 ductas
827 2453 853 2483 T,
871 2453 961 2477 ductas
980 2462 1046 2477 corr.
1066 2453 1091 2477 in
1111 2454 1203 2478 ductae
1220 2453 1250 2478 lx'.
1322 2459 1347 2485 x)
1366 2456 1467 2479 adden-vt
1491 2456 1513 2479 T.
1584 2460 1607 2477 51
1630 2465 1660 2480 uc
1682 2457 1707 2487 T,
1725 2457 1745 2480 l:

87 2499 109 2520 et
127 2495 154 2519 ἰπ
174 2504 254 2528 mar-y.
271 2496 306 2527 (sl.
326 2496 367 2520 vel
389 2496 437 2520 uisi
456 2495 488 2520 [ι’.
566 2496 588 2520 ll
608 2497 738 2521 bisextilis
756 2501 885 2527 augentur
903 2505 980 2521 cursu
999 2497 1068 2520 illins
1082 2496 1131 2521 Lu.
1208 2497 1230 2525 ἃ)
1252 2498 1307 2521 Hac
1326 2498 1352 2521 li'.
1425 2497 1447 2527 ¹⁷)
1468 2499 1492 2521 in
1511 2498 1536 2521 T.
1609 2503 1631 2529 Γ)
1652 2508 1744 2523 suaves

35 2544 61 2563 430
88 2543 149 2564 sunt
168 2539 205 2568 R;
223 2539 377 2563 suabessuut
399 2539 444 2562 Lu.
517 2537 542 2569 d)
561 2544 587 2563 et
606 2539 631 2563 T.
703 2539 724 2564 ⁰]
744 2545 766 2563 ct
786 2540 848 2564 add.
868 2539 917 2564 Lu.
989 2538 1012 2569 f)
1033 2544 1135 2570 cqtaerq.
1155 2540 1192 2564 R.-
1211 2547 1306 2564 cctercs
1327 2540 1373 2563 Lu.
1446 2545 1470 2564 ῐ-ἰ
1491 2541 1675 2573 philusnphyae
1697 2542 1743 2566 lm.

87 2580 113 2613 11)
133 2590 193 2614 esye
212 2582 261 2606 Lu.
333 2581 350 2613 i)
370 2582 434 2606 Nam
453 2595 485 2599 —
505 2582 653 2614 intellegere
672 2591 719 2606 om.
741 2582 788 2606 Lu.
861 2581 885 2611 k)
905 2583 1011 2607 suerunt
1030 2582 1061 2606 B.
1134 2581 1150 2612 ¹)
1172 2588 1253 2614 potest
1275 2583 1303 2607 H.
1375 2583 1406 2610 ¹¹¹)
1426 2584 1485 2608 uliat
1508 2584 1552 2607 Lar.
1626 2585 1649 2611 ¹¹]
1671 2585 1743 2608 mira-

87 2633 174 2650 ramns
197 2625 229 2654 T‚·
256 2626 376 2649 miramus
396 2624 432 2648 R:
457 2625 605 2649 miseramur
624 2625 673 2649 Lu.
774 2629 796 2655 ⁰)
816 2626 929 2650 Abraam
948 2625 997 2650 Lu.
1086 2627 1109 2655 Ρ)
1131 2626 1299 2657 patriarcham
1326 2626 1352 2651 T.
1372 2626 1418 2650 lm.
1508 2630 1532 2653 ‘15
1553 2627 1674 2651 rationem
1696 2627 1743 2651 Lu.

89 2669 110 2699 r)
130 2669 161 2693 Et
183 2681 211 2685 —
233 2669 416 2693 conscientiam
435 2668 536 2700 (11.240
555 2668 599 2692 lin.
616 2669 642 2700 5)
661 2678 708 2693 om.
724 2668 770 2693 Lu.
866 2668 886 2698 S)
905 2669 1000 2693 cxsissc
1019 2668 1044 2692 Τ,
1145 2668 1163 2692 Υ)
1184 2669 1227 2700 qui
1248 2668 1273 2692 T.
1362 2673 1387 2696 ¹¹)
1408 2670 1501 2694 sanctis
1520 2669 1546 2693 Η.
1637 2671 1660 2699 v)
1680 2679 1698 2706 q
1713 2670 1743 2695 Iz'.

87 2711 119 2743 w)
137 2711 297 2736 arthimetica
315 2711 342 2736 T.
413 2710 438 2742 Χ)
457 2711 663 2744 repraehenduut
687 2711 714 2736 T.
784 2711 808 2743 θ’)
829 2712 872 2736 illu
898 2712 923 2736 T.

37 2777 62 2796 ³⁰
195 2771 222 2801 1)
240 2769 398 2804 Hieronym.
421 2769 452 2795 (ἵε
476 2770 602 2797 nominib.
627 2771 750 2797 chraic.
774 2771 854 2804 (Opp.
876 2771 930 2796 III
953 2773 1012 2804 23)ss
1042 2771 1078 2796 L'r
1102 2769 1183 2803 ignis.
1281 2770 1306 2802 2)
1328 2770 1483 2796 Aclbcrhlzcs
1508 2771 1607 2804 (postca
1631 2772 1742 2804 archiep.

85 2811 266 2839 Eboracenscs
287 2814 437 2846 767—778).
