2089 3171
56 729 80 747 10

56 991 78 1010 15

53 1250 78 1269 20

54 1504 78 1523 25

52 1765 78 1784 30

52 2023 76 2042 35

53 2612 78 2631 ⁴0

710 163 858 189 ALCVINI
878 162 1087 189 EPISTOLAE.
1124 164 1165 189 67.
1704 165 1712 193 l
1726 165 1733 193 1
1748 166 1756 194 l

106 252 264 284 litterulas
299 255 370 289 tue,
409 251 598 282 dulcissime
634 253 740 291 pater,
779 249 883 280 direxi
919 249 1085 290 dignitati:
1127 249 1320 280 obsecrans.
1358 253 1394 280 ut
1430 260 1488 291 per
1522 256 1609 280 tuam
1646 249 1762 280 bonam
1775 249 1979 280 mse—796

108 305 308 336 voluntatem
342 306 515 334 renovetur
551 303 582 332 in
617 312 686 333 me.
722 301 805 342 quod
841 312 898 342 per
926 301 1067 342 priorum
1100 306 1227 342 patrum
1256 302 1340 342 piam
1376 301 1580 332 dilectionem
1605 300 1763 342 perdona-

108 356 204 387 batur
220 355 308 386 mihi.

213 406 255 437 Et
279 410 314 437 ut
338 417 413 437 vere
438 406 552 436 fatcor.
577 405 712 435 multum
738 404 871 445 gavisus
897 414 977 441 sum,
1002 404 1078 435 dum
1103 408 1134 435 te
1160 405 1287 435 illorum
1312 405 1382 435 loco
1408 404 1515 436 audivi
1534 405 1763 446 subrogatum:

110 470 245 501 sperans
276 458 383 489 divina
414 457 554 488 donante
588 456 758 487 clementia
790 459 822 486 te
852 456 980 486 illorum
1012 459 1081 487 tota
1105 455 1279 487 devotione
1311 457 1403 497 sequi
1428 458 1595 498 exempla.
1629 467 1763 498 quorum

108 511 276 552 regiminis
303 514 335 540 et
359 509 487 540 honoris
513 508 625 539 sedem
642 511 755 539 tenere
774 507 910 540 videris:
936 508 1117 538 certissime
1135 508 1241 538 sciens
1260 519 1368 538 eorum
1395 514 1425 538 te
1442 509 1587 549 gloriae-³
1612 508 1763 549 coniungi

108 564 139 594 in
165 563 252 598 celis.
279 562 305 592 si
329 562 457 592 illorum
482 561 619 601 vestigia
643 560 798 590 secterisb
824 559 855 589 in
880 559 984 590 terris.

211 614 337 645 Memor
361 616 431 643 esto
457 612 575 643 cotidie
594 612 786 642 nobilissimi
803 611 904 652 patris
923 611 1105 642 Benedicti.
1131 611 1225 652 primi
1243 611 1423 642 fundatoris
1444 612 1553 642 vestri.
1580 616 1612 642 et
1634 622 1762 642 sueces-

108 667 189 698 soris
215 667 301 698 eiusc
326 664 513 696 Ceolfridil.
560 663 603 694 Et
629 664 814 705 regularem
839 664 948 694 vitam.
974 673 1069 704 quam
1093 663 1140 693 illi
1160 663 1280 704 optima
1298 663 1495 694 discretione
1515 666 1763 704 conposuerunt.

108 718 307 756 exercendo,
337 716 550 748 ammonendo
584 720 652 746 toto
686 715 783 746 corde
810 719 949 746 sectare.
996 715 1048 745 Sic
1073 715 1157 746 enim
1190 719 1220 745 et
1246 726 1318 745 cum
1343 715 1526 745 hominibus
1552 715 1679 746 laudem
1705 715 1763 746 tibi

105 774 137 801 et
158 770 313 800 honorem
338 769 510 810 adquirere
536 767 658 809 poteris
684 772 715 797 et
741 777 813 797 cum
842 766 962 797 sanctis
980 766 1044 797 Dei
1071 770 1262 808 perpetuam
1288 767 1424 808 gloriam
1451 771 1481 797 et
1506 765 1764 797 beatitudinemd

103 821 282 864 possidere.
328 821 422 852 Nolie
447 820 548 852 seculi
572 818 758 850 hominibus
783 819 815 849 in
846 819 1040 849 vestimento
1067 818 1136 848 velf
1159 818 1320 849 ebrietate
1340 819 1391 849 vel
1419 818 1490 849 aliis
1509 818 1706 848 vanitatibus
1732 822 1763 848 te

104 874 210 915 ipsum
242 873 406 904 ullatenus
438 872 655 905 conformare.
695 871 752 902 sed
783 871 1037 912 praenominatis
1062 870 1210 911 patribus
1242 871 1274 901 in
1305 870 1478 901 sobrietate
1504 870 1703 901 continentia
1734 873 1765 900 et

105 925 242 956 caritate
277 924 451 956 assimilari
487 922 701 954 omnimodisg
736 922 842 953 stude.
900 921 971 953 Nec
1009 922 1113 952 solum
1149 925 1181 952 te
1216 922 1321 963 ipsum
1362 922 1402 953 ad
1437 923 1565 953 illorum
1601 921 1765 963 corrigesh

106 977 307 1019 exemplum,
332 976 389 1008 sed
414 976 494 1007 alios
520 985 648 1016 quoque
674 974 924 1015 diligentissime
950 973 1161 1005 ammoneasi.
1210 974 1243 1004 Si
1268 985 1330 1015 qua
1356 980 1429 1005 sunt
1454 978 1574 1005 errata.
1604 975 1764 1015 corrigere

104 1039 169 1060 non
200 1039 306 1060 cessa:
341 1032 372 1059 et
398 1027 571 1059 benefacta
595 1027 716 1057 hortari
743 1030 871 1067 satage:
908 1030 942 1056 ut
965 1026 1148 1057 mercedem
1174 1025 1298 1057 habeas
1334 1037 1375 1057 ex
1400 1027 1566 1057 omnibus:
1603 1026 1708 1057 sciens
1732 1029 1764 1057 te

103 1081 260 1111 rationem
291 1079 492 1111 redditurum
524 1089 582 1120 pro
613 1077 773 1108 omnibus.
829 1077 970 1108 Grandis
1002 1077 1105 1108 honor
1136 1081 1200 1115 est,
1236 1088 1332 1119 quem
1368 1078 1539 1119 accepisti:
1577 1077 1635 1108 sed
1665 1088 1764 1118 grave

103 1131 246 1174 pondus,
277 1131 362 1173 quod
392 1134 518 1173 portas:
557 1134 588 1161 te
619 1130 723 1161 solum
754 1140 797 1161 ex
828 1133 1020 1160 cunctorum
1051 1130 1110 1160 tibi
1141 1129 1345 1160 subditorum
1376 1129 1490 1160 factisk
1526 1129 1669 1160 iudicari.
1723 1129 1765 1160 Et

104 1183 225 1214 idcirco
251 1183 337 1214 omni
362 1182 518 1213 instantia
543 1181 714 1219 contende,
745 1186 780 1212 ut
803 1182 962 1222 premium
988 1181 1110 1212 habeas
1135 1191 1177 1212 ex
1200 1181 1273 1218 illis.
1298 1192 1361 1212 non
1386 1192 1513 1223 penam.
1566 1181 1609 1212 Et
1632 1181 1705 1213 ideo
1730 1186 1766 1212 ut

106 1239 219 1277 pastor
243 1234 471 1266 devotissimus
497 1234 698 1275 singulorum
718 1234 819 1264 vitam
837 1234 1004 1275 suspicere
1030 1237 1061 1264 et
1078 1233 1290 1275 perscrutari¹
1316 1245 1379 1265 non
1399 1245 1504 1265 cessa:
1530 1239 1600 1265 nem
1625 1235 1765 1275 aliquam

103 1298 146 1318 ex
170 1287 285 1318 ovibus
310 1286 370 1317 tibi
398 1286 579 1317 commissis
597 1285 784 1316 insidiantis
810 1286 877 1327 lupi
896 1285 1058 1316 calliditas
1077 1286 1198 1316 laceret
1216 1289 1271 1317 aut
1289 1286 1438 1317 devoret:
1464 1286 1585 1317 sciens:
1611 1290 1765 1327 quantum

103 1339 243 1380 diliges¹¹
266 1339 396 1370 fidelem
421 1342 586 1380 pastorem
611 1338 720 1368 ovium
749 1338 937 1369 carnalium.
963 1341 1078 1369 tauto⁰
1104 1339 1207 1379 magis
1233 1338 1323 1369 Deus
1352 1343 1439 1369 amat
1457 1338 1584 1368 fidelem
1602 1342 1763 1380 pastorem

104 1391 210 1422 ovium
237 1390 441 1432 spiritalium.
488 1389 531 1420 Et
555 1390 580 1420 si
605 1391 762 1421 rationem
791 1391 900 1432 queris
926 1401 944 1421 a
969 1394 1100 1433 pastore
1127 1394 1181 1421 tuo
1207 1391 1246 1422 de
1273 1391 1387 1422 ovibus
1413 1392 1492 1422 tuis.
1525 1391 1551 1421 si
1577 1391 1682 1432 aliqua
1708 1401 1766 1432 per

103 1443 346 1484 neglegentiam
378 1443 463 1473 illius
489 1441 646 1483 deperiit.
679 1443 840 1484 quomodo
872 1454 935 1473 non
960 1442 1051 1473 Deus
1077 1443 1177 1473 multo
1203 1444 1306 1485 magis
1331 1444 1476 1484 requiret
1510 1444 1668 1474 rationem
1693 1454 1711 1473 a.
1735 1447 1766 1473 te

107 1494 146 1525 de
171 1494 341 1525 animabus
368 1495 485 1531 ovium,
513 1505 593 1535 quas
618 1498 694 1525 tuae
721 1496 880 1526 commisit
905 1495 1069 1526 custodire
1095 1495 1306 1536 dilig-entier?
1354 1496 1429 1526 Heu
1453 1496 1562 1526 frater.
1588 1496 1662 1532 heu.
1691 1496 1767 1536 quia

103 1557 208 1588 paene
244 1546 363 1587 ubique
400 1547 557 1587 regularis
587 1547 652 1577 vite
689 1547 720 1577 in
761 1547 821 1578 hac
859 1550 945 1577 terra
977 1546 1062 1577 cadit
1092 1548 1239 1578 normula
1276 1552 1307 1578 et
1341 1548 1498 1578 secularis
1533 1548 1618 1579 vitae
1650 1548 1766 1578 crescit

103 1598 251 1629 formula.
298 1598 340 1628 Et
364 1598 448 1639 quod
472 1599 647 1640 pessimum
674 1602 737 1630 est.
770 1599 830 1641 ipsi
858 1604 1034 1630 structores
1060 1599 1167 1629 multis
1202 1600 1232 1629 in
1258 1600 1336 1630 locis
1362 1600 1443 1630 fiunt
1467 1599 1703 1630 destructores.
1734 1606 1765 1629 et

104 1649 306 1681 edificatores
339 1650 560 1691 dissipatores.
606 1650 648 1681 Et
680 1650 740 1681 hoc
775 1654 840 1683 est.
875 1651 983 1692 quod‘l
1018 1662 1075 1692 per
1099 1651 1291 1692 prophetam
1318 1651 1438 1682 dictum
1472 1655 1536 1682 est:
1573 1651 1649 1693 *Ipsi
1681 1651 1763 1682 enim
1775 1663 1807 1683 Cf.
1825 1663 1874 1684 isai.
1891 1665 1970 1685 man.

103 1706 251 1745 pastores
270 1701 480 1733 erraverunt'.
520 1702 612 1737 Ideo.
638 1703 849 1733 dilectissime
876 1703 983 1734 frater.
1011 1703 1185 1734 studiosius
1211 1703 1355 1734 intende.
1381 1708 1414 1734 ut
1439 1714 1511 1733 cum
1537 1702 1629 1733 bonis
1655 1709 1762 1744 pasto-

105 1754 195 1785 ribus
231 1755 455 1786 connumerari
487 1754 642 1784 merearis
674 1758 706 1785 et
739 1755 852 1785 audias
888 1755 1018 1786 beatam
1052 1765 1180 1798 vocem:
1212 1754 1316 1796 *Euge
1348 1766 1441 1786 serve
1478 1755 1562 1786 bone
1593 1760 1625 1786 et
1649 1755 1927 1788 fidelis.›1at111,25‚21.

104 1807 179 1848 quia
207 1816 304 1848 super
333 1817 437 1848 pauca
465 1806 552 1836 fuisti
583 1805 706 1843 fidelis.
739 1817 836 1848 super
862 1806 963 1837 multa
995 1810 1026 1837 te
1052 1807 1264 1838 constituam.
1294 1808 1377 1838 intra
1410 1808 1442 1838 in
1467 1807 1620 1849 gaudium
1646 1807 1765 1837 domini

103 1857 165 1888 Dei
190 1857 256 1888 tui’.
761 1893 768 1896 .

207 1909 363 1948 Obsecro,
388 1920 428 1940 ne
453 1920 504 1940 me
530 1909 849 1951 praesumptiosumr
873 1910 1006 1941 estimes
1033 1913 1065 1941 ct
1090 1921 1222 1943 vanum.
1248 1910 1323 1941 dum
1354 1915 1385 1941 te
1410 1911 1491 1941 haec
1516 1911 1623 1942 omnia
1648 1911 1763 1942 melius

104 1962 261 1994 scientem
300 1972 478 1993 ammoneo,
536 1961 663 1992 Caritas
697 1972 747 1992 me
778 1962 925 2003 conpulit
960 1962 1060 2003 loqui,
1100 1973 1182 2003 quae
1214 1963 1322 1993 omnia
1352 1963 1478 1994 suffert:
1511 1974 1568 2004 per
1598 1974 1694 2004 quam
1728 1967 1925 1997 ut1.(:..r.1:s‚7.

103 2025 211 2046 meam
242 2014 437 2055 imperitiam
467 2014 605 2044 sufferas
635 2013 793 2055 deprecor
827 2017 859 2043 et
887 2018 922 2044 ut
946 2013 1138 2055 diligentem
1170 2018 1201 2045 te
1226 2014 1358 2055 diligas.
1392 2015 1465 2056 quia
1494 2015 1547 2056 qui
1572 2016 1603 2045 in
1629 2015 1762 2045 caritate

104 2070 224 2104 manet.
250 2066 282 2096 in
306 2065 378 2096 Deo
402 2069 528 2099 manet;
552 2066 628 2106 quia
652 2065 744 2096 Deus
770 2065 889 2096 caritas
916 2070 975 2096 est.
1774 2076 1926 2099 1.[0h.4.15.

209 2117 328 2148 Divina
352 2117 525 2148 clementia
550 2117 590 2148 ad
614 2117 796 2159 profectum
822 2121 933 2149 sancte
958 2119 1236 2160 congregationis
1267 2119 1317 2150 cui
1343 2118 1538 2157 deserviess,
1570 2118 1762 2149 incolumem

106 2174 138 2200 et
162 2170 322 2211 prosperis
348 2170 554 2201 successibus
580 2170 751 2200 florentem
778 2170 808 2200 in
835 2170 937 2201 multa
962 2174 1107 2212 tempora
1133 2175 1164 2202 te
1190 2181 1382 2202 conservare
1408 2171 1568 2211 dignetur.

208 2562 232 2594 a)
253 2563 334 2594 gloria
357 2564 377 2587 A
393 2562 431 2587 1*.
513 2562 559 2588 bl}
580 2564 693 2595 sequeris
712 2564 890 2596 superscripsit
909 2564 962 2588 alia
983 2573 1075 2588 manus
1095 2564 1157 2595 A&
1176 2564 1289 2595 Ακνψιῠϊίε
1311 2563 1330 2586 ,sl
1352 2566 1385 2586 1¹⁴.
1463 2564 1485 2591 ς)
1503 2561 1583 2585 sancti
1604 2561 1664 2585 add.
1687 2561 1708 2584 A
1723 2560 1761 2584 1*.

106 2604 131 2637 d)
154 2606 287 2630 beatutine
308 2606 329 2629 A
342 2608 364 2630 2.
445 2606 467 2635 ⁰]
488 2607 543 2630 Non
564 2607 587 2630 A
599 2608 621 2631 2.
704 2605 723 2637 s>
743 2607 782 2631 vel
804 2608 828 2631 in
848 2607 895 2638 leg).
915 2606 997 2631 Perta.
1069 2608 1095 2638 Β)
1114 2607 1234 2631 omuibus
1254 2607 1332 2630 modis
1353 2606 1372 2629 Α
1392 2605 1430 2629 1”“.
1509 2603 1533 2636 ΙΙ)
1553 2605 1666 2635 corrigas
1686 2603 1760 2627 [1ιὴ

104 2647 123 2680 ¹¹)
142 2649 319 2673 dilientissime
337 2649 459 2673 admones
479 2649 502 2672 A
514 2652 535 2673 2.
618 2647 644 2679 ¹‘)
665 2658 712 2674 οπι.
733 2649 808 2674 A1*.
893 2648 912 2682 l)
932 2651 1073 2682 perscutari
1093 2650 1116 2673 A
1131 2652 1153 2673 2.
1242 2649 1273 2675 ¹¹¹²)
1294 2658 1325 2679 ng·
1346 2649 1402 2672 ,·1·.).
1491 2648 1516 2677 n)
1536 2647 1602 2679 quod
1622 2648 1641 2670 si
1662 2651 1761 2671 tantum

107 2692 193 2724 diligis
207 2700 260 2725 pro
279 2696 405 2724 quantum
424 2693 516 2723 diliges
535 2692 558 2716 A
573 2692 610 2716 1*-
709 2693 734 2724 0)
753 2697 849 2725 quanto
869 2692 892 2717 Α
904 2694 926 2716 2.
1026 2693 1050 2719 Ρ)
1070 2693 1183 2717 diliemie
1203 2692 1223 2715 Α
1237 2694 1258 2715 2,
1348 2696 1371 2713 ‘li
1393 2691 1444 2722 qud
1465 2690 1485 2714 A
1498 2692 1520 2714 2.
1609 2689 1630 2714 1”)
1649 2698 1715 2713 corr.
1734 2689 1761 2713 in

107 2739 350 2770 praesumptuosum
372 2735 394 2759 Λ
406 2737 435 2765 2,·
453 2739 656 2768 praesumptuos.
678 2736 700 2760 A
714 2736 752 2761 1²¹².
825 2736 846 2767 Β)
865 2736 977 2760 deservis
996 2736 1019 2760 A
1034 2735 1071 2760 1*.

212 2820 235 2850 ll
263 2820 291 2845 V.
313 2828 351 2852 ep.
375 2824 403 2845 19
422 2828 505 2853 supra
521 2829 550 2854 Ρ.
563 2825 595 2846 54
614 2829 639 2846 n.
654 2826 677 2847 2.
697 2826 720 2848 3.
