2089 3171
228 241 289 270 800

157 281 227 301 medi-r
238 287 310 301 mensi·

203 308 271 327 lunio.

158 333 310 355 &Eos-1054,

180 359 214 378 Ρ»
232 362 262 381 ῖῖι,
280 362 311 383 12ζ

183 386 226 404 luc.
244 389 261 408 l,
279 388 308 405 12».

159 411 308 434 1,Cs·r.15‚.'18.

189 437 217 456 ib.
234 440 264 461 10v
282 440 311 457 121.

183 463 228 483 Ioh.
246 466 262 487 1,
278 466 309 483 35.

158 508 176 525 1.
184 505 231 524 Cor.
240 507 271 529 ιε,
280 507 309 525 13.

179 556 214 576 Ps.
230 558 261 580 26,
279 558 309 578 14.

186 764 215 784 ib.
231 767 263 788 31⁴,
279 767 309 785 κο.

157 866 228 885 Iudith
237 869 267 889 13,
280 869 310 887 17.

179 916 215 935 P<.
233 919 275 939 117,
291 920 310 937 e.

166 968 194 989 ib.
211 971 253 990 118,
267 972 309 989 ης».

157 1073 185 1095 ib.
200 1075 242 1096 120,
255 1076 272 1092 2.
291 1074 309 1092 8.

173 2008 242 2028 ssim.
258 2012 277 2034 3,
293 2014 310 2030 1.

323 156 382 185 342
871 153 1020 179 ALCVINI
1040 153 1245 179 EPISTOLAE.
1283 154 1341 180 205.
1359 154 1419 180 ⁵206.

322 244 450 282 pastore
476 239 607 274 recedit.
633 240 699 280 lupi
725 242 813 281 patet
837 239 1007 269 morsibus.
1054 239 1171 270 Melius
1196 243 1245 269 cst
1269 250 1330 269 non
1357 250 1485 269 vovere.
1516 249 1610 280 quam
1635 243 1710 269 vota
1734 250 1796 269 non
1820 240 1965 281 implere.

322 291 409 321 Dicit
434 291 606 331 scriptura:
633 291 768 321 ‘Vovete
799 294 831 321 et
861 291 984 321 reddite
1016 291 1145 321 domino
1170 291 1239 321 Deo
1264 290 1394 322 vcstro'.
1440 290 1551 320 Verax
1587 294 1635 320 est
1659 290 1749 320 Deus
1774 292 1804 321 in
1829 292 1965 332 promis-

322 342 463 373 sionibus
480 342 699 380 beatitudinis,
725 353 786 383 que
811 342 1022 383 diligentibus
1049 354 1083 373 se
1110 343 1280 384 promittit:
1307 345 1339 372 et
1365 341 1546 372 veridicus⁸
1570 341 1685 372 reddet
1707 342 1864 383 promissa
1882 343 1965 373 veri-

322 394 407 426 tatis,
454 393 653 424 Mementote
687 394 869 435 apostolum
902 394 1078 424 dicentem:
1113 394 1269 426 ·F1·at1·es.
1306 393 1441 423 stabiles
1472 396 1576 423 estote
1608 397 1640 424 et
1672 393 1873 425 immobiles'.
1925 393 1967 424 Et

321 446 450 475 iterum:
483 445 554 480 *Qui
589 449 667 478 stat,
697 445 820 482 videat,
851 456 891 476 ne
922 445 1038 476 cadat'.
1099 445 1214 476 Stabat
1243 445 1419 476 Iohannes.
1451 444 1578 485 quando
1609 444 1772 475 Christum
1803 446 1966 476 cernebat.

322 496 416 530 Ideo,
449 496 564 526 fratres
594 497 772 531 karissimi.
804 497 934 537 vigilate
970 501 1001 527 et
1032 500 1115 527 state
1149 497 1179 526 in
1212 495 1289 529 fide.
1320 496 1454 526 viriliter
1489 496 1591 536 agite,
1623 499 1655 526 et
1686 496 1883 527 confortetur
1914 508 1969 528 cor

321 552 460 578 vestrum
491 548 522 578 in
552 548 636 578 omni
665 558 761 588 opere
791 548 884 579 bono.
932 547 974 578 Et
1006 548 1188 589 psalmista:
1221 547 1379 588 *Expecta
1408 547 1597 584 Dominum.
1623 547 1757 578 viriliter
1785 558 1861 588 age:
1892 559 1966 579 con-

320 599 456 629 fortetur
480 610 534 629 cor
558 603 665 631 tuum.
700 603 732 630 et
762 592 886 630 sustine
913 598 1104 630 Dominum'.
1151 598 1234 634 Quid
1265 603 1329 629 est:
1362 598 1521 639 ‘Expecta
1545 598 1740 635 Dominum'.
1774 600 1835 630 nisi
1860 599 1967 630 stabili

320 655 427 681 mente
453 654 600 692 expecta,
627 650 730 681 donee
756 651 813 681 tibi
839 651 947 681 veniat
971 651 1040 681 dies
1058 651 1350 681 remunerationis?
1387 649 1452 680 Fac
1471 651 1578 680 onmia
1602 661 1702 692 opera
1718 651 1804 682 bona
1822 652 1964 689 viriliter,

321 705 353 732 et
378 702 575 733 confortetur
599 713 654 733 cor
678 706 767 733 tuum
793 703 823 732 in
848 702 1081 743 permanendo,
1112 702 1197 743 quod
1223 702 1351 743 cepisti:
1384 705 1416 732 et
1447 702 1571 732 sustine
1598 701 1782 733 Dominum:
1814 703 1965 744 quicquid

322 754 375 784 inb
406 758 437 784 te
462 754 698 784 tribulationisc
723 754 774 784 vel
805 753 924 784 laboris
957 754 1127 795 permittit.
1161 754 1284 784 sustine
1316 753 1458 784 viriliter.
1504 753 1606 784 Multe
1638 757 1712 784 sunt
1742 754 1968 786 tribulationes

322 806 488 837 iustorum.
515 810 546 836 et
570 805 609 835 de
634 805 683 836 his
708 804 881 836 liberabitd
907 816 961 835 eos
980 805 1148 836 Dominus.
1186 805 1300 835 Nullus
1318 804 1409 835 labor
1426 805 1546 835 amanti
1566 804 1672 835 Deum
1690 805 1788 836 durus
1806 806 1968 839 videatur:

322 857 397 897 quia
429 857 482 887 ille
517 860 565 886 est
595 860 816 887 remunerator
847 856 968 887 fidelis.
1000 857 1052 897 qui
1085 860 1134 886 est
1164 856 1338 886 auxiliator
1369 855 1520 889 idoneus.
1556 856 1608 897 qui
1640 867 1815 898 numquam
1846 857 1970 888 deserit

322 912 489 948 sperantes
508 909 537 938 in
561 918 604 938 se.
641 908 852 949 Respondeat
869 909 965 938 homo
983 909 1247 949 suggestionibus
1265 908 1399 939 diaboJi:
1426 908 1597 939 *Dominus
1618 909 1788 940 auxiliator
1812 909 1889 940 mihi
1909 913 1967 946 est,

323 970 384 989 non
403 959 533 994 timebo,
552 959 626 1000 quid
644 959 742 990 saciet
767 960 882 995 homo',
909 960 938 990 id
956 964 1004 991 est
1023 961 1160 991 carnalis
1179 960 1364 993 delectatio:
1391 961 1481 991 item:
1508 960 1687 992 *Declinate
1710 971 1728 991 a
1744 972 1805 997 me,
1823 961 1966 1002 maligni,

321 1015 353 1042 et
369 1011 535 1042 scrutabor
551 1011 703 1042 mandata
719 1011 782 1042 Dei
806 1011 895 1044 mei':
920 1016 951 1043 et
974 1013 1102 1043 iterum:
1129 1013 1307 1043 ‘Auxilium
1325 1022 1430 1043 meum
1456 1023 1474 1042 a
1491 1011 1640 1048 Domino,
1666 1013 1719 1054 qui
1744 1012 1820 1043 feeit
1843 1013 1968 1044 caelum

322 1067 354 1093 et
378 1062 518 1094 terram'.
563 1063 730 1094 *Dominus
755 1063 916 1094 custodiat
940 1064 1104 1095 introitum
1129 1067 1161 1094 et
1186 1064 1307 1095 exitum
1333 1074 1501 1095 servorum
1525 1074 1655 1094 suorum
1680 1074 1721 1094 ex
1745 1064 1804 1095 hoc
1827 1074 1912 1095 nunc
1938 1068 1971 1095 et

322 1124 424 1154 usque
449 1114 479 1144 in
505 1114 673 1144 seculum'.
1944 1108 1948 1112 .

424 1165 526 1203 Haec,
550 1166 710 1196 karissimi
734 1166 860 1201 fratres,
886 1166 1027 1197 feliciter
1044 1167 1141 1207 legite
1166 1171 1197 1197 et
1222 1166 1359 1197 fideliter
1382 1167 1526 1208 implete.
1561 1166 1603 1197 Et
1627 1166 1773 1198 dominus
1798 1167 1888 1198 Deus
1910 1178 1967 1198 vos

322 1216 452 1247 adiuvet
485 1221 515 1247 et
541 1218 696 1258 proficere
722 1218 819 1248 faciat
852 1219 881 1248 in
907 1219 992 1248 omni
1018 1218 1119 1249 bono:
1152 1222 1183 1248 et
1211 1218 1365 1248 exaudiat
1390 1219 1552 1249 orationes
1577 1222 1701 1248 vestras
1726 1230 1782 1260 pro
1807 1219 1967 1259 omnibus⁷

322 1273 353 1298 et
378 1280 432 1309 pro
458 1280 507 1299 me
533 1269 619 1299 fideli
646 1273 752 1299 vestro
779 1269 951 1300 adiutore&
999 1269 1039 1299 Et
1065 1269 1213 1299 dominus
1238 1269 1328 1299 Deus
1353 1269 1512 1300 custodiat
1538 1280 1593 1300 vos
1619 1270 1649 1300 in
1675 1274 1807 1300 aeterna
1833 1281 1912 1312 pace
1937 1274 1969 1302 et

324 1321 459 1350 caritate
486 1321 638 1361 perfecta.
665 1320 741 1351 virif
764 1321 878 1350 fratres
904 1324 934 1350 et
960 1321 1014 1351 tilii
1040 1321 1213 1352 karissimi.

1112 1596 1183 1626 206.

424 1655 577 1686 Alrrimcs
600 1653 747 1695 Nifritlio
770 1654 908 1694 episeopo
931 1653 1132 1685 Narbonensi
1149 1655 1353 1686 Benedictmn
1377 1656 1516 1687 abbatem
1533 1657 1747 1688 Am'anensem
1771 1658 1968 1690 conmmendat.

1445 1709 1508 1738 800
1530 1708 1628 1739 medio
1651 1718 1752 1740 vilense
1775 1709 1881 1741 Iunio.

426 1748 485 1774 Cod.
507 1748 539 1773 H
554 1749 600 1779 fol.
614 1751 659 1774 63‘.

424 1791 496 1817 Edd.
518 1791 614 1823 F202,
635 1792 655 1817 J
672 1794 727 1817 146.
749 1805 779 1808 —
800 1791 894 1823 Miqne
911 1792 958 1817 col.
972 1795 1029 1818 488.

636 1897 784 1921 DILEOTO
802 1897 904 1921 PATRI
925 1897 1078 1921 NIFRIDlo
1098 1897 1259 1922 EPISCOPO
1278 1898 1473 1922 ALFHVINUS
1492 1898 1660 1922 SALUTEM.

427 1946 474 1977 Sit
499 1957 622 1978 memor
647 1948 720 1983 mei,
745 1948 890 1984 obsecro,
916 1948 1033 1979 caritas
1059 1952 1114 1979 tua
1138 1949 1169 1978 in
1188 1950 1402 1980 sacrosanctis
1420 1949 1618 1980 orationibus
1642 1950 1704 1980 tuis
1730 1950 1970 1981 cumfratribus

322 1999 450 2029 nostris.
497 1999 656 2040 Tempora
684 2000 768 2030 enirn
800 2004 873 2030 suut
898 2000 1094 2041 periculosa:
1133 2004 1165 2031 et
1196 2001 1282 2031 solus
1314 2002 1367 2032 ille
1391 2001 1526 2031 feliciter
1549 2001 1643 2038 vivit,
1674 2001 1727 2042 qui
1751 2001 1822 2032 Deo
1849 2001 1969 2032 serviet

322 2050 353 2080 in
379 2050 511 2080 caritate
537 2051 680 2092 perfecta
708 2054 739 2081 et
763 2051 845 2081 tidea
870 2056 957 2082 recta
982 2056 1014 2082 et
1039 2062 1096 2093 spe
1122 2052 1219 2084 bona:
1245 2063 1327 2093 quae
1353 2056 1427 2083 sunt
1444 2063 1587 2083 summae
1606 2053 1738 2083 virtutes
1756 2053 1966 2084 servientium

321 2101 402 2132 Deo.
450 2101 486 2132 In
511 2101 560 2132 his
586 2106 641 2132 tua
666 2113 700 2133 se
726 2106 880 2133 exerceat
904 2103 1075 2137 sanctitas,
1110 2108 1144 2133 ut
1169 2103 1239 2134 Deo
1266 2104 1444 2135 auxiliante
1477 2104 1516 2135 de
1542 2104 1635 2134 huius
1660 2104 1746 2135 vitae
1770 2105 1903 2136 laboreb
1928 2104 1969 2135 ad

321 2156 498 2194 perpetuae
523 2154 640 2194 quietis
666 2153 901 2185 beatitudinem
926 2155 1094 2196 pervenire
1119 2156 1282 2186 merearis.

426 2205 540 2235 Frater
563 2215 639 2236 vero
658 2205 855 2236 Benedictus
871 2207 879 2225 ¹
904 2217 977 2238 mea
995 2207 1103 2237 omnia.
1128 2207 1183 2237 tibi
1202 2208 1409 2238 innotescere
1427 2209 1576 2250 potuerit.
1613 2208 1717 2244 Quem
1739 2219 1811 2239 cum
1829 2208 1969 2239 lacrimis

321 2256 465 2289 dimisi'2:
490 2261 523 2287 tu
548 2268 625 2287 vero
650 2268 721 2287 cum
747 2257 865 2298 gaudio
883 2259 1022 2300 recipias
1048 2270 1130 2290 eum.
1172 2259 1239 2289 Vos
1257 2270 1332 2290 vero
1356 2260 1451 2290 ambo
1476 2259 1622 2290 laborate
1646 2261 1735 2301 quasi
1761 2260 1835 2291 boni
1858 2263 1968 2302 pasto-

322 2319 374 2338 res
409 2309 438 2338 in
469 2320 568 2349 grege
594 2308 726 2341 Christi:
757 2309 834 2340 nihil
868 2310 1068 2341 haesitantes
1101 2310 1140 2340 de
1172 2310 1322 2341 mercede
1354 2315 1528 2352 perpetua,
1559 2322 1640 2352 quae
1674 2312 1804 2342 dabitur
1831 2311 1968 2342 fideliter

322 2370 455 2400 gregem
481 2359 601 2390 Christi
625 2360 846 2401 pascentibus

426 2412 547 2442 Omnes
573 2422 649 2442 vero
680 2412 849 2454 episcopos
879 2416 910 2443 et
934 2416 1042 2454 patres
1067 2413 1202 2444 fratrum
1228 2417 1411 2444 nostrorum
1443 2425 1484 2445 ex
1509 2415 1608 2445 nostri
1633 2415 1768 2445 nominis
1800 2415 1906 2446 officio
1936 2416 1969 2446 in

324 2464 458 2493 caritate
484 2468 515 2493 ct
533 2465 746 2505 prosperitate
765 2465 915 2499 salutate,
941 2468 1093 2505 rogantes
1116 2477 1171 2495 cos
1192 2467 1290 2496 nostri
1309 2477 1380 2496 esse
1399 2477 1557 2496 memores
1575 2466 1704 2497 assidua
1722 2467 1968 2506 intercessione,

424 2611 448 2637 8)
469 2610 595 2635 veridicus
614 2611 714 2642 scripsit
732 2611 756 2635 ,1.
774 2620 822 2643 pro
843 2620 900 2636 vere
918 2612 980 2636 dicis
999 2621 1017 2635 c.
1092 2611 1115 2644 ι’)
1135 2621 1149 2636 :1
1169 2622 1187 2635 c.
1263 2616 1284 2638 v,
1305 2614 1482 2638 tribulationes
1503 2615 1541 2638 vel
1562 2614 1660 2638 labores
1679 2623 1698 2638 c.
1763 2613 1790 2645 d)
1809 2615 1928 2640 liberavit
1946 2624 1967 2639 c.

323 2659 344 2680 “J
364 2653 472 2677 adiutori
493 2663 512 2678 ι’.
585 2652 607 2683 s)
629 2654 678 2677 vidi
698 2663 717 2677 c.

425 2695 483 2719 206.
520 2698 542 2725 ⁸)
561 2697 610 2720 sedi
630 2696 665 2720 II.
737 2696 761 2728 b)
781 2698 874 2722 laboris
894 2697 928 2721 H.

429 2774 449 2796 11
469 2772 549 2797 abhus
569 2773 739 2798 Anianensis.
811 2774 837 2799 2:
857 2774 894 2805 (VI
915 2775 989 2806 infra
1006 2784 1034 2807 p.
1049 2778 1103 2800 :34:5.

1995 712 2019 730 10

1996 974 2019 991 15

1995 1229 2021 1248 20

1997 1759 2021 1778 25

1995 2068 2020 2087 30

1995 2326 2020 2345 35

1994 2666 2020 2684 40
