2089 3171
177 264 202 284 e.
229 254 288 282 791.»

153 622 169 639 1.
184 619 239 639 l'etr.
251 623 270 643 5,
285 621 304 639 8.

155 2215 224 2233 lwlith
238 2217 305 2236 1ῖί,17.

317 169 375 197 31⁷1
906 160 1054 186 ALCVINI
1074 159 1283 185 EPISTOLAE.
1322 160 1378 185 187.

422 251 511 281 Haec
543 260 616 279 vero
647 249 786 279 seientes
817 252 849 278 et
883 248 1002 288 optimev
1028 247 1274 287 intellegentes,
1308 246 1464 276 carissimi
1497 245 1626 275 fratres.
1664 244 1706 274 nil
1738 242 1899 273 sordidum
1930 243 1961 272 in

319 307 427 334 vestra
452 304 617 332 remaneat
642 299 852 330 conscientia.
879 299 945 329 sive
970 298 1010 328 de
1035 299 1140 328 carnis
1166 298 1342 338 fragilitate
1361 299 1573 331 contractum.
1601 295 1667 325 sive
1692 295 1731 325 de
1757 295 1887 335 spiritus
1912 294 1962 324 in-

313 354 501 395 quietudine
537 352 707 387 infectum,
747 354 781 380 ut
818 350 947 390 dignam
984 350 1015 379 in
1048 349 1196 379 cordibus
1228 349 1344 379 vestris
1378 348 1516 389 Spiritus
1554 349 1683 376 sanctus
1720 345 1780 375 sibi
1817 345 1961 375 inveniat

319 404 561 435 habitationem.
619 402 748 432 Nullam
780 402 939 442 malignus
970 401 1071 431 hostis
1105 401 1136 430 in
1170 403 1278 430 vestra
1309 400 1394 429 bona
1430 397 1674 428 conversatione
1708 397 1849 427 inveniat
1884 406 1960 426 suae

317 456 456 486 malitiae
486 458 625 495 partem:
657 463 714 483 nec
745 453 880 491 aditum,
911 463 1004 493 quem
1038 452 1177 492 quaerit.
1210 451 1373 492 repperiat
1398 450 1511 480 vestris
1537 449 1567 479 in
1593 448 1760 483 cordibus,
1793 447 1848 478 sed
1875 448 1960 477 omni

317 506 461 537 custodia
492 506 615 536 animas
642 508 765 535 vestras
798 504 982 535 confirmate
1015 503 1045 533 in
1076 503 1220 533 caritatis
1246 502 1436 536 munimine.
1471 501 1502 531 in
1528 500 1630 530 tutela
1655 499 1894 533 oboedientiae.
1930 499 1960 528 in

316 568 406 588 muro
432 557 638 593 humilitatis.
675 557 706 586 in
739 556 897 586 castitatis
922 555 1166 586 observatione.
1206 555 1235 584 in
1262 558 1393 584 sanctae
1422 553 1510 594 pacis
1536 551 1771 582 coniunctione.
1816 550 1963 580 Viriliter

316 613 458 651 pugnate.
485 612 595 639 contra
620 609 786 649 antiquum
812 609 950 638 hostem.
976 611 1007 637 et
1033 606 1276 637 communibus³
1301 605 1447 635 manibus
1473 603 1633 633 debellate
1652 614 1734 633 eum.
1760 602 1812 643 qui
1833 602 1962 642 rugiens

317 661 429 691 circuit
455 671 629 701 quaerens.
662 671 757 700 quem
783 659 928 690 devoret.
975 660 1106 689 Portate
1131 659 1160 687 in
1187 657 1345 687 frontibus
1372 656 1525 686 vexillum
1551 655 1670 687 erucis,
1702 658 1733 685 et
1758 655 1787 684 in
1814 653 1962 684 cordibus

316 712 458 742 caritatis
489 713 685 742 munimenta
716 715 747 741 ct
777 711 956 741 catholicae
988 710 1060 740 tidoi
1091 711 1338 740 firmamentum.
1386 708 1451 749 Spe
1484 708 1574 737 firma
1602 706 1816 746 vosmetipsos
1847 705 1961 745 erigite

315 764 353 794 ad
372 764 489 799 Deum,
514 767 545 793 et
569 763 649 793 nihil
675 766 787 793 contra
811 766 952 793 vestram
979 763 1064 792 valet
1090 761 1336 791 unanimitatem
1362 760 1446 790 illius
1472 759 1627 789 insidiosa
1652 757 1821 788 calliditas,
1858 756 1962 797 Magis

317 816 427 846 humili
452 819 559 845 mente
586 814 768 844 senioribus
795 814 909 844 vestris
935 813 1086 843 oboedire
1112 812 1247 853 paratib.
1273 822 1367 852 quam
1393 810 1654 841 murmurationis
1680 809 1756 839 vitio
1774 807 1963 842 diiudicare,

315 867 483 908 quicquidc
515 867 604 897 vobis
641 866 826 906 iniungatur
863 866 980 907 operis.
1027 864 1170 894 Vovistis
1202 874 1258 893 vos
1292 863 1361 893 Deo
1395 862 1516 892 servire
1554 862 1759 902 paternisque
1791 860 1858 899 regi
1887 869 1962 889 con-

316 919 407 949 siliis.
462 918 569 948 Nolite
601 918 814 958 vosmetipsos
852 928 949 958 super
985 920 1126 946 rectores
1157 915 1302 945 exaltare
1336 917 1458 944 vestros
1490 924 1548 943 nec
1578 923 1688 943 eorum
1722 911 1861 942 iudicare
1892 913 1963 940 acta

317 970 366 1000 vel
393 970 541 999 consilia:
567 969 622 999 sed
652 970 793 999 contenti
813 968 1032 998 tantummodo
1059 971 1163 997 estote
1189 977 1299 997 corum
1325 965 1451 997 iudicio.
1477 965 1553 1006 quid
1578 965 1693 1005 agatis.
1719 961 1962 1004 regularisqued

317 1022 401 1051 vitae
432 1021 629 1062 praeceptis.
666 1021 696 1050 in
730 1020 846 1060 quibus
880 1021 1017 1050 maxime
1053 1019 1216 1049 humilitas
1253 1017 1448 1048 oboediendi
1482 1028 1553 1047 cum
1588 1017 1722 1047 caritate
1758 1015 1962 1056 praecipitur.

322 1072 433 1102 Horae
459 1083 534 1102 vero
560 1076 687 1102 vestrae
713 1082 824 1101 omnes
849 1071 1018 1102 animabus
1045 1072 1158 1101 vestris
1184 1071 1281 1101 utiles
1306 1070 1524 1100 inveniantur.
1558 1069 1607 1099 vel
1634 1069 1664 1098 in
1689 1078 1787 1108 opere
1811 1076 1962 1096 manuum

318 1124 367 1153 vel
393 1124 423 1153 in
449 1124 597 1154 lectionis
624 1123 729 1153 studio
755 1123 805 1153 vel
831 1123 861 1153 in
886 1123 1039 1153 orationis
1065 1123 1176 1162 gratia.
1215 1121 1295 1152 Oret
1312 1122 1478 1162 operarius
1497 1120 1601 1153 corde.
1626 1123 1660 1149 ut
1678 1118 1797 1160 duplici
1815 1117 1963 1148 mercede

317 1174 432 1215 dignus
457 1175 631 1205 habeatur:
658 1175 827 1205 similiter⁰
851 1175 881 1204 in
907 1175 1083 1204 refectione
1114 1173 1255 1214 corporis
1287 1174 1393 1203 anima
1410 1173 1572 1203 reficiatur
1597 1172 1627 1202 in
1645 1171 1820 1212 gratiarum
1838 1170 1963 1200 actione

315 1226 402 1258 Deo:
428 1227 476 1257 vel
503 1227 527 1256 si
553 1236 667 1267 corpus
693 1226 804 1256 labore
830 1225 1018 1258 at'ficiaturs.
1045 1236 1134 1256 mens
1160 1225 1396 1266 conpunctione
1423 1225 1639 1255 confirmetur.
1677 1222 1729 1253 Sic
1754 1232 1830 1252 vero
1856 1231 1960 1252 arma-

317 1282 383 1308 tum
417 1278 608 1308 monachum
643 1278 763 1319 duplici
795 1277 948 1318 suffragio
982 1277 1024 1307 nil
1058 1278 1210 1318 antiquus
1234 1277 1335 1311 hos-tis
1360 1287 1474 1307 nocere.
1500 1276 1634 1317 poterit,
1669 1274 1721 1315 qui
1747 1273 1872 1314 quaerit
1907 1283 1965 1314 per

316 1330 521 1369 vagationem
548 1330 663 1359 mentis
689 1329 872 1359 mercedem
898 1329 1043 1359 minuere
1068 1328 1257 1359 laborantis.

422 1381 490 1422 Ego
518 1392 606 1413 vero.
640 1381 761 1411 saeculi
787 1380 1036 1421 tempestatibus
1062 1380 1225 1412 turbatus.
1252 1391 1341 1410 casso
1367 1379 1476 1409 multis
1503 1379 1533 1409 in
1560 1378 1638 1408 locis
1663 1377 1773 1408 labore
1797 1375 1964 1413 desudavi.

316 1432 372 1463 sed
404 1432 497 1463 modo
530 1433 622 1473 quasi
654 1432 844 1472 naufragus.
878 1431 947 1462 Deo
979 1432 1172 1466 miserante.
1208 1431 1247 1461 ad
1279 1435 1403 1473 portum
1428 1431 1574 1461 deiectus
1599 1430 1732 1472 quietis.
1770 1429 1801 1459 in
1825 1438 1887 1470 quo
1913 1439 1963 1459 me

317 1485 434 1514 fessum
470 1487 502 1514 et
538 1484 739 1514 vulneratum
775 1484 954 1514 iacenteml
990 1483 1148 1524 demeeor
1179 1487 1363 1514 sanctarum
1395 1483 1586 1514 assiduitate
1623 1482 1803 1512 orationum
1835 1484 1962 1512 vestrae

316 1536 539 1566 unanimitatis
564 1536 732 1566 auxiliari.
770 1539 803 1565 ut
828 1535 1020 1576 quandoque
1047 1536 1085 1565 ad
1112 1536 1259 1566 florentia
1285 1536 1437 1565 virtutum
1464 1545 1537 1565 rura
1562 1534 1731 1575 pervenire
1756 1542 1895 1568 merear,
1932 1536 1965 1563 et

316 1588 399 1617 bona
424 1587 597 1618 securitate
622 1587 665 1617 illi
691 1587 750 1617 soli
777 1588 910 1623 servire.
936 1588 966 1617 in
991 1599 1053 1628 quo
1073 1587 1139 1617 solo
1166 1591 1215 1618 est
1237 1588 1332 1617 totius
1351 1597 1426 1628 spes
1445 1586 1571 1618 salutis:
1597 1586 1666 1616 sine
1684 1595 1745 1626 quo
1763 1595 1821 1615 nec
1845 1584 1964 1616 cadens

316 1649 495 1679 resurgere,
522 1650 580 1669 nec
606 1639 689 1669 bene
716 1642 805 1669 stans
830 1640 920 1669 firmo
946 1640 1047 1680 gradu
1073 1644 1159 1670 stare
1185 1640 1312 1681 poterit.

422 1690 493 1720 Misi
520 1691 710 1721 munuscula
735 1701 834 1732 parva
859 1691 1023 1721 dilectioni
1049 1695 1188 1726 vestrae,
1216 1690 1271 1721 sed
1290 1691 1360 1721 Deo
1386 1694 1467 1721 teste
1493 1700 1554 1720 non
1572 1700 1671 1731 parva
1688 1689 1833 1723 caritate,
1864 1699 1964 1730 quan-

317 1746 383 1772 tum
410 1743 439 1772 in
466 1746 598 1784 pectore
623 1744 800 1783 peccatoris
826 1743 895 1774 eius
923 1744 1081 1784 igniculus
1107 1744 1284 1774 scintillare
1314 1743 1408 1773 valet.
1447 1741 1613 1773 Tametsig
1639 1741 1728 1772 Deus
1754 1741 1831 1771 mihi
1856 1740 1962 1772 vobis-

317 1804 387 1823 cum
420 1794 450 1823 in
482 1794 652 1825 sanctitate
678 1795 763 1825 vitae
794 1799 880 1825 stare
912 1796 1048 1826 necdum
1079 1795 1237 1829 dedisset,
1270 1798 1378 1825 tamen
1411 1794 1555 1836 piissima
1584 1794 1671 1824 illius
1695 1793 1801 1834 gratia
1824 1796 1965 1824 vestram

318 1846 478 1876 veraciter
502 1846 596 1876 corde
622 1857 693 1876 meo
720 1846 834 1877 infudit
859 1847 1045 1878 caritatem:
1072 1851 1187 1888 optans
1212 1850 1309 1887 atque
1328 1846 1492 1876 humiliter
1510 1846 1700 1886 deprecans.
1726 1848 1884 1885 quatenus
1908 1855 1966 1886 per

317 1901 441 1927 vestras
476 1899 696 1928 sanctissimas
728 1900 891 1929 orationes
926 1910 1039 1929 munus
1066 1900 1240 1929 voluntatis
1278 1910 1367 1929 meae
1394 1898 1465 1929 Deo
1497 1897 1697 1938 acceptabile
1732 1907 1805 1927 esse
1831 1897 1965 1938 eiusque

317 1949 435 1979 donum
462 1950 491 1979 in
518 1950 624 1979 anima
650 1961 720 1980 mea
745 1951 891 1991 recipere
917 1951 1080 1990 dignetur.
1114 1952 1165 1991 qui
1191 1951 1326 1991 gratiam
1361 1961 1418 1991 pro
1443 1950 1549 1990 gratia
1570 1949 1646 1980 dare
1671 1950 1769 1979 solet:
1804 1948 1843 1979 de
1873 1949 1964 1979 cuius

318 2001 517 2041 plenitudine
542 2002 737 2042 accepimus,
765 2002 914 2043 quiequid
941 2003 1016 2033 boni
1042 2003 1162 2033 habere
1188 2002 1405 2033 videremurh,
1453 2002 1543 2032 Illius
1575 2001 1615 2031 sit
1640 2012 1768 2042 semper
1792 2001 1908 2031 caritas
1931 2001 1963 2031 in

318 2052 428 2084 eorde.
450 2053 518 2082 laus
544 2053 573 2083 in
600 2064 664 2083 ore.
691 2060 721 2083 ct
747 2054 791 2083 ini
816 2065 913 2095 opere
939 2054 1022 2085 bono
1047 2055 1172 2095 signum
1198 2055 1362 2095 perfectae
1389 2053 1580 2084 dilectionis.

421 2104 565 2134 Plurima
590 2110 717 2135 vestrae
743 2105 957 2136 beatitudinik
983 2106 1123 2136 scribere
1154 2106 1353 2136 desideravi.
1387 2105 1458 2137 sed.
1490 2105 1602 2135 nuntio
1638 2104 1853 2134 tribulationis
1887 2114 1964 2134 con-

318 2156 511 2187 stornat11s2.
545 2156 623 2186 haec
653 2168 756 2197 pauca
786 2157 914 2189 dictavi.
961 2158 997 2187 In
1030 2169 1093 2199 qna
1118 2169 1194 2189 vcro
1229 2158 1437 2188 tribulatione
1465 2168 1519 2187 vos
1545 2157 1679 2187 viriliter
1703 2167 1800 2197 agere
1832 2160 1865 2187 et
1888 2166 1964 2186 con-

318 2209 415 2238 stanti
451 2220 521 2237 esse
556 2208 661 2238 animo
693 2209 842 2242 obsecro.
879 2210 1032 2242 scientes,
1069 2210 1150 2250 qnod
1178 2210 1265 2240 Deus
1299 2220 1472 2250 numquam
1505 2209 1625 2240 deserit
1657 2212 1825 2249 sperantes
1857 2209 1888 2238 in
1919 2218 1963 2238 se.

322 2260 356 2289 Et
395 2260 419 2289 si
455 2260 599 2300 qualibet
631 2259 837 2291 tribulatione
869 2264 1005 2301 cogente
1042 2261 1161 2291 locnm¹
1188 2262 1330 2291 mntari¹¹¹
1356 2273 1491 2292 necesse
1517 2261 1571 2293 sit.
1607 2271 1780 2301 numquam
1805 2260 1963 2301 regularis

320 2313 403 2341 vitae
435 2312 619 2342 observatio
653 2315 811 2343 mutetur.
848 2323 905 2342 nec
943 2313 1107 2343 tribulatio
1138 2313 1283 2353 corporis
1313 2313 1411 2343 animi
1442 2313 1555 2353 fatiget
1580 2312 1805 2343 constantiam.
1850 2311 1965 2342 Nox¹¹³

320 2368 351 2393 et
376 2363 445 2393 dics
472 2364 556 2392 vices
583 2374 656 2392 suas
683 2368 852 2404 peragunt.
900 2364 999 2394 Maris
1025 2369 1203 2405 tempestas
1232 2365 1417 2394 screnitatis
1443 2365 1674 2405 tranquillitate
1701 2363 1877 2403 mitigatur,
1907 2374 1964 2393 nec

421 2497 444 2516 ¹²}
459 2494 600 2517 eommunis
618 2494 649 2519 ll.
669 2503 733 2517 eurr.
755 2494 822 2518 -ibus
841 2494 885 2517 Τ*.
960 2494 983 2522 1Ἴ
998 2495 1052 2517 sitis
1067 2495 1167 2517 addidit
1180 2495 1204 2518 J,
1277 2499 1299 2520 0)
1315 2495 1374 2525 qnid
1393 2495 1425 2518 ll.
1498 2494 1520 2520 *ll
1535 2496 1716 2526 regularesque
1736 2494 1781 2518 T*.
1853 2493 1876 2525 e)
1889 2495 1964 2518 simul

318 2542 339 2560 ct
361 2537 459 2567 scripsit
479 2537 503 2560 .l.
522 2545 569 2566 l¹1‘¹'
590 2537 705 2560 siaalitcr
727 2537 759 2564 ΙΙ,
785 2536 833 2561 T*.
909 2536 930 2563 f]
950 2538 1045 2561 assa-iat
1072 2537 1117 2561 7'⁴‘.
1208 2542 1233 2557 fd*
1253 2538 1349 2561 Tamen
1369 2538 1389 2561 si
1412 2538 1446 2563 ΙΙ.
1471 2537 1514 2561 T*.
1603 2537 1627 2563 ¹¹)
1647 2547 1712 2562 corr.
1733 2538 1759 2562 in
1779 2538 1894 2562 videmur
1917 2537 1964 2561 T‘.

319 2581 335 2609 ¹)
356 2590 402 2603 am.
430 2580 472 2604 T&
545 2578 569 2600 kl
591 2580 753 2603 beatitudinis
772 2589 783 2603 s
803 2589 876 2603 cru-so
904 2579 950 2603 'l'*.
1023 2579 1040 2601 ¹>
1061 2581 1131 2603 locus
1155 2580 1185 2604 ll.
1260 2584 1290 2604 ¹¹¹]
1312 2587 1408 2604 mutare
1433 2581 1477 2604 ']'*.
1549 2580 1573 2610 ¹¹)
1596 2582 1648 2604 llox
1674 2581 1719 2605 T⁴.

425 2648 446 2671 ll
471 2647 595 2671 Alcviunx
613 2647 674 2671 (racc
693 2650 758 2671 certe
777 2647 884 2679 scripsit
906 2647 931 2671 in
954 2648 1114 2671 ›n‹»zas{c1·e'u
1134 2648 1158 2672 N.
1179 2648 1289 2671 ,Uarum
1312 2651 1332 2671 ct
1353 2649 1465 2678 linias-sc
1485 2658 1514 2673 εἰ)
1532 2651 1654 2681 tompore.
1677 2657 1730 2680 qao
1748 2656 1775 2673 sc
1792 2648 1826 2673 ab
1844 2648 1965 2674 omnibus

317 2689 498 2713 .«1(*r'etln›·tlms
526 2690 602 2713 rebus
629 2689 738 2721 Jn'nilns
765 2691 816 2714 inm
843 2693 979 2722 receperat.
1087 2692 1112 2714 ΒΝ
1140 2694 1279 2722 (ιΙιΙιιι-ηιιιη
1305 2691 1385 2721 sacri!
1417 2692 1478 2716 lna-r
1505 2691 1642 2716 tribulatio
1671 2700 1718 2716 1108
1743 2691 1820 2724 l'tlgss'l.
1850 2691 1963 2717 D'ROB.

318 2732 343 2756 :30
364 2732 403 2761 (Ἰζ
425 2741 449 2763 μ.
468 2736 512 2757 1-32
532 2741 556 2757 ιι,
572 2736 595 2759 [ἰ.
616 2733 690 2763 infra
710 2738 832 2765 (¹11)›.;’.'›';’.
854 2738 914 2759 271¹:
937 2734 1040 2758 :llerini
1062 2742 1147 2758 scr-sus
1167 2733 1203 2757 «d
1221 2733 1378 2766 llagslmldum
1399 2734 1429 2758 dc
1446 2734 1518 2759 (lade
1532 2734 1703 2766 Limlu'sfitrn.
1722 2737 1830 2760 monast.
1851 2742 1870 2760 ι’,
1885 2738 1967 2761 1—26

319 2773 398 2799 (Part.
421 2775 506 2800 t'rm‘ol.
532 2775 551 2802 Ι,
575 2780 640 2800 2211).

1992 719 2014 736 1⁰

1990 977 2045 994 15-

1991 1234 2016 1252 20

1992 1755 2016 1773 :30

1990 2016 2015 2034 35

1991 2274 2017 2292 40

1991 2588 2016 2606 45
