2089 3171
64 748 88 766 10

63 1007 85 1025 15

61 1265 86 1284 20

62 1523 86 1542 25

63 1787 88 1805 30

62 2046 87 2065 ³⁵

62 2305 88 2324 40

64 2643 88 2661 ⁴2>

331 164 532 192 EPISTOLAE
548 164 741 190 VAffloRUM
763 163 905 189 CAROLO
926 163 1056 189 MAGNO
1079 163 1279 190 REGNANTE
1301 163 1483 189 SCRIPTAE.
1520 165 1543 190 ὓ.
1703 166 1763 194 499

133 289 281 315 DOM1NO¹
302 289 427 313 lxslfixi
447 289 490 312 ET
509 287 748 311 DESIDERABILI
769 286 800 309 IN
821 286 966 310 cfflns'ro
986 287 1109 309 PATRI&
1129 286 1157 309 N.
1178 286 1233 310 Pio
1252 287 1395 309 PASTom
1416 286 1458 309 ΕΤ
1478 286 1633 309 sANC'l'AE
1652 286 1746 308 smus

115 334 279 358 PRAESUM
299 332 489 356 BENIVOLL‘S
509 330 672 355 ALUMNUS
694 329 984 359 HUMILLIML'SQL'E
1004 330 1202 353 luscu’L‘Lcs
1223 330 1253 353 x.
1274 330 1375 360 (μζ-151
1395 329 1525 352 mamus*
1546 328 1764 352 1’1205T1Lx'r1's

154 378 187 401 IN
208 377 396 401 PRESENTIA
410 375 541 399 VESTRA
560 374 664 398 ENIXE
684 373 947 402 HL'MlLITERQL'E
967 373 1096 396 PETENS
1116 373 1377 397 BENEDICTIONIS
1390 372 1545 396 YESTRAE
1565 372 1730 396 GRATIAM.

219 427 324 458 Salve.
350 431 443 468 pater
467 428 586 456 sancte.
613 424 709 455 simul
735 434 806 454 cuni
824 423 968 454 fidelium
984 427 1112 454 tuorum
1138 424 1253 454 salute.
1293 423 1359 453 Nos
1377 423 1576 464 psalmorum
1602 434 1673 453 cum
1696 433 1762 453 car-

114 480 198 510 mine
236 489 406 520 precamur
430 477 480 508 hic
505 476 634 507 assidue
674 476 841 506 missarum
867 485 948 516 eque
966 475 1096 516 iugibus
1135 475 1336 506 oblationum
1361 486 1397 506 ac
1423 475 1584 516 precibus.
1623 479 1656 505 ut
1679 474 1765 504 salus

114 531 205 562 vobis
237 531 378 568 animae,
427 529 548 559 sanitas
579 528 635 559 fiat
665 532 697 558 et
732 527 886 568 corporis
955 526 1026 567 Ego
1050 526 1200 567 indignus
1232 527 1378 557 servulus
1403 531 1511 557 vester
1541 537 1599 568 per
1623 530 1763 556 vestran]

113 583 318 614 sanctitatem
343 582 496 622 optimam
520 580 625 611 habeo
651 578 888 610 confidentiam.
914 579 1064 619 quoniam
1084 590 1099 609 a
1124 578 1290 620 primevob
1315 579 1491 609 iuventutis
1516 578 1617 608 flore2
1638 588 1766 618 semper

114 635 192 666 mihi
215 634 384 665 familiaris
409 633 524 663 fuistis.
569 630 686 662 Cetera
712 635 858 661 metrum.
906 629 1069 671 Spiritus³
1094 631 1271 671 paraclitus
1296 630 1382 660 omni
1400 630 1545 660 veritatis
1570 630 1714 660 doctrina
1734 634 1765 660 et

113 687 277 729 perfectae
303 685 447 716 caritatis
474 684 607 715 scientia
634 688 742 714 vestra
766 682 992 724 resplendeatc
1010 687 1153 723 pectora.
1179 682 1441 713 reverentissime
1459 681 1576 723 presul.
1597 682 1765 721 Augeatur

116 739 206 770 vobis
230 738 316 769 salus
341 738 473 778 vitaque
498 736 660 778 perennis.

217 790 308 821 lam*
337 788 499 830 quondam
531 787 636 818 fidelis
666 791 806 818 mentem
838 787 1000 828 inpatiens
1031 785 1119 824 furor
1148 795 1220 815 cum
1253 785 1454 816 ferocitatisd
1486 785 1702 816 obstinatione
1735 788 1766 815 et

112 843 239 884 procaci
262 841 402 872 elatione
428 839 649 871 conturbabat.
690 839 848 869 Animuse
866 842 999 880 propter
1021 837 1193 867 multorum
1216 838 1503 879 exprobrationem
1516 837 1526 854 f
1547 838 1655 878 aliqua
1680 838 1766 868 lento

112 898 248 926 conatur
272 893 454 935 exprimere
481 892 565 927 stilo,
591 892 698 932 aliqua
723 891 793 922 diro
821 886 1026 922 edisserereg
1049 889 1209 930 eologioh.
1249 889 1414 920 Ammiror
1438 889 1575 920 multum
1601 888 1766 920 cuiusdam

112 947 243 978 nimiam
268 945 383 976 mentis
406 944 588 975 furentiam.
628 943 796 974 Irascituri
823 943 862 980 ei7
888 943 940 983 qui
965 941 1005 972 ab
1030 942 1085 972 illo
1110 944 1259 972 avertere
1285 941 1364 971 iram
1388 940 1450 972 Dei
1472 941 1593 971 nititur.
1632 941 1768 982 Propter

114 998 302 1029 humilitatis
327 997 463 1027 formam
489 996 630 1026 minatur
655 995 694 1032 ei.
721 995 773 1036 qui
799 1004 856 1036 pro
883 1005 921 1025 eo
946 993 1079 1024 Domini
1097 992 1352 1023 misericordiam
1379 992 1584 1034 deprecatur.
1610 993 1768 1023 inmemor

112 1050 274 1081 mitissimi
298 1058 430 1080 vocem.
455 1048 525 1089 qui.
557 1058 628 1078 cum
659 1051 834 1088 pateretur.
865 1057 928 1076 non
958 1045 1216 1082 conminabatur,
1248 1045 1301 1086 qui
1335 1055 1391 1086 pro
1423 1044 1477 1075 illo
1502 1045 1650 1075 lacrimas
1675 1043 1766 1074 fudit.

112 1112 191 1144 quas
215 1102 322 1132 forsan
347 1101 416 1142 ipse
441 1110 505 1130 non
529 1099 658 1130 emittit.
705 1098 829 1129 Onerat
853 1097 957 1129 adhuc
984 1098 1106 1128 crimen
1130 1100 1164 1127 et
1187 1096 1345 1128 cumulat.
1376 1107 1447 1127 cum
1472 1097 1540 1138 ipse
1567 1097 1608 1126 sit
1633 1096 1766 1137 inplica-

113 1154 197 1185 bilis.
250 1151 335 1188 Quid
371 1151 487 1182 surdae
520 1161 615 1181 aures
646 1150 802 1181 salutaria
835 1150 1009 1180 ammonita
1047 1159 1111 1179 non
1149 1148 1303 1179 audiunt?
1340 1147 1424 1183 Quid
1463 1149 1550 1179 caeci
1586 1148 1670 1178 oculi
1705 1158 1768 1178 non

112 1206 222 1238 vident
246 1204 445 1247 penitentiae
469 1204 549 1234 iter?
589 1202 674 1238 Quid
698 1202 849 1244 perculsa
875 1206 906 1233 et
931 1202 1093 1232 aliaenata
1117 1211 1209 1231 mens
1235 1199 1380 1230 remedia
1404 1200 1517 1230 vitalia
1542 1210 1603 1230 non
1629 1199 1766 1240 recipit?

113 1258 185 1290 Non
202 1256 376 1288 recordans
393 1255 481 1287 beati
499 1255 695 1286 sententiam
714 1254 873 1295 Gregorii.
899 1255 952 1296 qui
978 1255 1010 1284 in
1027 1253 1177 1294 Dialogis
1195 1252 1332 1283 refert⁵z
1359 1253 1413 1294 qui
1438 1252 1614 1294 duplicavit
1631 1263 1767 1294 poenam

113 1309 310 1345 iunioribus,
343 1307 503 1350 quomodo
535 1307 605 1348 ipse
631 1307 824 1337 constrictus
850 1310 963 1348 postea
989 1306 1020 1336 in
1045 1305 1180 1336 manicis
1204 1304 1320 1335 ferreis
1345 1303 1562 1339 detinebatur,
1593 1303 1647 1334 ubi
1673 1315 1767 1346 prae-

114 1360 251 1393 cedebat
275 1359 457 1402 disciplina,
481 1358 680 1400 sequebatur
707 1362 738 1389 et
763 1358 868 1389 venia.
908 1358 1095 1400 Aliquando
1120 1356 1294 1398 legebatur
1318 1356 1449 1398 aliquod
1475 1357 1634 1395 elencum.
1660 1355 1769 1387 divina

1799 286 1825 305 a.
1845 276 1964 305 incerto

112 1416 283 1455 promente
308 1422 401 1444 voce:
435 1411 616 1442 ‘Faciamus
648 1410 810 1441 hominem
836 1410 875 1440 ad
900 1410 1075 1451 imaginem
1101 1412 1133 1439 et
1158 1408 1403 1439 similitudinem
1428 1406 1592 1440 nostram'.
1641 1408 1767 1439 Scimus
1779 1416 1864 1436 Germ.
1880 1419 1911 1437 25.

115 1467 284 1496 creaturae
312 1463 377 1494 Dei
405 1463 652 1504 conpassionem
688 1461 825 1499 debere.
863 1462 985 1493 bellum
1012 1460 1179 1492 -convieiis
1211 1460 1249 1491 de
1279 1460 1420 1500 imagine
1450 1459 1513 1490 Dei
1543 1464 1575 1490 et
1607 1459 1769 1490 interioris

115 1516 262 1548 hominis.
302 1514 428 1546 Scimus
446 1525 540 1556 quam
558 1514 695 1556 plurima
713 1514 868 1556 perlecta.
894 1514 1041 1555 quamvis
1060 1512 1241 1543 intellectui
1267 1515 1298 1542 et
1323 1510 1466 1542 moribus
1492 1522 1553 1541 non
1572 1511 1769 1542 adheserint.

113 1567 152 1600 de
177 1566 385 1599 similitudine
410 1565 538 1597 audiam
563 1566 680 1608 aliqua.
722 1566 874 1597 Summus
899 1565 1054 1600 conditor,
1080 1565 1133 1606 qui
1150 1564 1314 1595 hominem
1339 1563 1379 1594 ad
1405 1563 1650 1594 similitudinem
1676 1570 1837 1594 suamib-1,
1853 1573 1885 1591 26.

113 1620 248 1658 creavit,
278 1622 327 1650 est
356 1618 488 1653 caritas,
515 1622 564 1649 est
592 1617 695 1648 bonus
726 1621 758 1649 et
786 1618 907 1654 iustus,
938 1618 1065 1659 patiens
1095 1622 1127 1648 et
1150 1617 1254 1651 mitis.
1286 1615 1423 1646 mundus
1448 1619 1480 1647 et
1504 1615 1704 1652 misericors,
1738 1620 1768 1646 et

113 1676 222 1704 cetera
246 1672 401 1702 virtutum
426 1669 597 1711 insigniak‚
631 1681 714 1712 quae
740 1669 778 1700 de
804 1680 842 1701 eo
872 1670 1033 1711 leguntur.
1080 1669 1132 1699 Ita
1160 1668 1255 1699 homo
1289 1672 1416 1699 creatus
1441 1672 1503 1701 est.
1535 1672 1570 1698 ut
1599 1668 1767 1698 caritatem

112 1724 264 1761 haberet,
289 1726 324 1753 ut
347 1722 452 1754 bonus
477 1726 564 1753 esset
589 1726 621 1753 et
646 1723 767 1759 iustus.
795 1726 830 1753 ut
856 1723 983 1764 patiens
1008 1724 1105 1762 atque
1130 1721 1218 1750 mitis
1244 1720 1312 1750 sive
1338 1723 1546 1750 mansuetus.
1571 1719 1710 1750 mundus
1737 1726 1768 1750 et

114 1776 296 1807 misericors
320 1774 412 1805 foret.
459 1773 548 1809 Quas
573 1774 708 1804 virtutes
740 1778 860 1815 quanto
891 1774 963 1815 plus
993 1773 1130 1814 quisque
1156 1773 1187 1803 in
1218 1783 1252 1803 se
1283 1771 1397 1809 habet.
1430 1776 1519 1802 tanto
1551 1772 1683 1813 propius
1719 1776 1768 1802 est

113 1827 196 1867 Deo,
221 1830 254 1858 et
277 1827 433 1857 maiorem
457 1826 507 1856 sui
531 1825 708 1856 conditoris
734 1826 818 1866 gerit
843 1825 1098 1856 similitudinem.
1141 1824 1194 1854 An
1220 1823 1350 1854 excedit
1374 1824 1486 1855 menti.
1512 1823 1597 1864 quod
1616 1823 1768 1853 commoti

113 1878 262 1920 discipuli
287 1877 439 1909 dixerunt
463 1877 504 1908 ad
527 1877 654 1908 Iesum:
688 1876 840 1908 *Domine
866 1877 929 1911 vis.
955 1881 990 1907 ut
1014 1876 1098 1917 ignis
1123 1876 1233 1907 veniat
1257 1875 1296 1905 de
1321 1875 1390 1906 celo
1416 1881 1447 1906 et
1473 1880 1640 1906 consumat
1665 1873 1956 1905 illos'?Luc.9.⁵4.52›.

113 1931 157 1962 Et
180 1932 250 1973 ipse
273 1929 528 1961 misericorditer
559 1939 733 1960 conversus
759 1929 948 1971 conpescuit
973 1928 1156 1960 vecordiam
1187 1937 1298 1959 eorum
1323 1927 1447 1958 dicens:
1481 1926 1647 1959 Nescitis.
1679 1927 1769 1957 cuius

114 1982 244 2025 spiritus
274 1980 373 2012 estis’.
420 1980 556 2016 Quando
587 1982 922 2022 omnipotentissimus
956 1981 987 2011 in
1018 1980 1086 2011 celo
1119 1984 1151 2011 et
1179 1980 1211 2010 in
1240 1983 1328 2011 terra
1358 1990 1429 2010 cum
1460 1979 1580 2010 blanda
1611 1979 1767 2009 ammoni-

115 2036 202 2066 tione
226 2034 327 2066 voluit
350 2044 426 2064 suos
450 2034 598 2075 mitigare
622 2044 793 2075 sequaces.
819 2033 893 2074 quid
922 2033 1069 2075 superbit
1093 2036 1179 2063 terra
1205 2035 1237 2062 et
1261 2032 1355 2067 cinis.
1388 2031 1440 2072 qui
1465 2041 1528 2061 non
1554 2030 1623 2060 vult
1647 2040 1768 2071 cogno—

115 2096 205 2117 scere
234 2085 451 2117 eonditionem
484 2095 562 2116 suae
591 2090 726 2116 naturae
757 2090 789 2116 et
821 2086 979 2126 originem
1012 2085 1183 2126 prosapiae
1220 2094 1314 2116 suae.
1352 2087 1383 2113 et
1414 2083 1521 2124 potius
1552 2082 1619 2112 vult
1651 2082 1768 2112 imitari

115 2148 243 2169 servum
259 2148 409 2179 nequam,
434 2138 488 2179 qui
506 2147 678 2168 conservos
703 2148 778 2168 suos
805 2148 868 2168 non
893 2137 988 2168 desiit
1012 2137 1176 2178 vapulare,
1204 2146 1299 2177 quam
1320 2135 1494 2177 propitium
1513 2133 1689 2164 dominum.
1715 2134 1768 2174 qui

114 2200 172 2221 nos
201 2200 313 2221 omnes
343 2200 400 2220 suo
429 2189 571 2231 pretioso
606 2189 762 2230 sanguine
797 2189 956 2220 redemit?
1006 2189 1123 2220 Melius
1162 2193 1211 2220 est
1242 2188 1335 2219 bonis
1369 2186 1496 2218 actibus
1528 2186 1619 2227 sequi
1650 2185 1766 2221 Deum,

115 2251 210 2283 quam
234 2241 327 2272 malis
359 2241 513 2282 consequi
543 2240 716 2272 diabolum.
763 2240 870 2272 Homo
901 2241 1071 2282 linguosus
1097 2244 1128 2271 et
1152 2240 1345 2271 temerarius
1372 2240 1403 2269 in
1428 2237 1527 2269 verbo
1553 2248 1609 2268 suo
1641 2237 1767 2268 odibilis

117 2297 175 2325 est.
222 2292 319 2324 Certe
351 2293 406 2324 ille
439 2297 629 2324 mansuetus
660 2297 710 2324 est
739 2292 778 2323 ad
810 2293 1057 2334 intelligendum
1082 2292 1145 2323 Dei
1179 2292 1326 2327 verbum,
1360 2291 1412 2332 qui
1446 2301 1517 2321 cum
1550 2290 1707 2331 patientia
1737 2293 1769 2320 ct

115 2345 295 2376 humilitate
325 2345 432 2387 studet
464 2355 574 2376 verum
608 2344 751 2386 proferre
782 2356 981 2386 responsum.
1037 2345 1243 2375 Mansuetum
1273 2343 1376 2384 diligit
1408 2342 1511 2374 Deus.
1547 2342 1765 2371 tui-bolcntnm

217 2478 241 2508 ὃ’)
261 2480 334 2509 Patre
352 2475 384 2500 B·
456 2474 481 2505 b)
500 2475 615 2507 primeva
634 2475 665 2499 ll.
737 2479 760 2505 c)
781 2476 929 2507 respendcnt
950 2475 980 2499 l1'.
1052 2474 1077 2503 d)
1098 2475 1237 2499 feracitatis
1256 2474 1285 2497 Β.
1359 2479 1381 2494 ·”ι
1401 2473 1516 2496 :inimum
1538 2472 1567 2496 ΙΙ,
1639 2471 1655 2495 Υ,
1678 2480 1767 2504 cxprw

114 2520 244 2545 bationem
263 2519 295 2544 Β.
366 2520 391 2551 8)
411 2519 520 2544 edissere
539 2518 571 2542 B.
643 2517 668 2545 ¹¹)
689 2519 703 2542 ἰ.
717 2528 735 2543 e.
751 2519 860 2551 eulogio.
932 2518 949 2545 i)
971 2520 1093 2543 irascatur
1113 2527 1178 2543 corr.
1193 2518 1218 2541 [ιι
1238 2517 1357 2541 irascitur
1376 2516 1407 2540 B.
1479 2514 1505 2543 k)
1526 2515 1626 2546 insigna
1647 2514 1677 2538 12.

220 2597 244 2629 1)
263 2595 304 2622 De
321 2598 430 2628 tempore
448 2595 529 2620 huius
547 2595 672 2627 epistolae
691 2595 802 2620 mutilae
822 2594 889 2620 nihil
906 2596 970 2620 certi
986 2595 1070 2620 statui
1087 2597 1184 2627 potest,
1212 2594 1263 2618 nisi
1283 2601 1315 2617 cu:
1334 2593 1413 2617 totius
1431 2592 1586 2617 colloetirmis
1606 2591 1693 2617 indole
1710 2600 1767 2616 cam

119 2639 212 2664 Carolo
224 2641 348 2672 reqnante
367 2639 491 2670 scriptam
510 2645 562 2663 csse
580 2637 703 2663 dubitare
721 2646 774 2663 mm
795 2638 859 2663 licet.
931 2639 957 2668 2)
979 2637 1089 2671 Grcqmz
1107 2637 1178 2663 Dial.
1195 2637 1213 2661 I
1226 2636 1310 2669 (Opp.
1326 2636 1366 2667 ΙΙ,
1384 2640 1454 2667 1491:
1473 2644 1489 2660 a
1509 2635 1650 2668 primaevo
1671 2635 1767 2659 iuven-

116 2681 186 2707 tutis
204 2681 277 2707 flore.
348 2682 375 2713 3)
397 2681 437 2713 Cf.
450 2689 534 2714 supra
550 2689 579 2714 p.
592 2684 639 2706 325
657 2690 695 2713 ep.
713 2684 772 2706 196:
792 2680 912 2714 Spiritus
931 2680 1083 2713 paraclitus
1103 2679 1177 2704 omni
1198 2678 1325 2704 veritatis
1345 2678 1473 2703 doctrino.
1493 2681 1516 2703 cl
1541 2678 1678 2710 perfectae
1697 2678 1766 2703 cari-

116 2724 183 2750 tatis
207 2724 325 2750 scientia
344 2726 435 2749 vestra
460 2723 577 2757 impleat
596 2725 721 2757 pectora.
746 2723 905 2749 dulcissime
931 2723 1071 2755 magister.
1142 2724 1169 2749 4¹»
1192 2722 1248 2747 lam
1274 2721 1414 2754 quondam
1434 2735 1467 2738 —
1487 2721 1555 2746 soh—t
1577 2730 1634 2746 esse
1652 2720 1766 2745 Zcztmer

113 2768 130 2794 l.
143 2768 159 2794 l.
171 2767 266 2800 omisit,
291 2769 357 2793 ‘enm
375 2767 411 2792 ml
429 2767 575 2799 smmulam
593 2768 723 2800 pertinere
742 2775 797 2792 mm
817 2766 984 2798 riderentur’,
1009 2774 1076 2799 quae
1096 2766 1137 2791 ric
1154 2773 1204 2799 pro
1222 2765 1356 2798 crplorato
1375 2764 1461 2790 habeo.
1533 2766 1558 2796 ῦς
1579 2764 1663 2789 Hunc
1681 2764 1765 2789 Iocum

114 2819 172 2838 mm
189 2811 285 2837 inveni.

1510 2861 1558 2885 033*
