2089 3171
54 780 78 799 10

52 1039 75 1057 15

49 1297 74 1316 20

47 1559 71 1578 25

47 1818 72 1837 3⁰

46 2077 70 2097 ³5

41 2725 66 2744 45

698 161 844 188 ALCVINI
865 161 1073 188 EPISTOLAE.
1114 162 1169 187 108.
1705 166 1761 195 155

904 265 973 296 108.

210 323 365 354 Alcvinus
387 323 616 364 Earduulfnm,
640 336 739 365 reyem
763 325 1111 357 Norlhanbumbrorum
1136 324 1344 360 constitutum,
1369 324 1522 355 admonet.

212 399 290 426 Codcl.
313 399 368 426 Ha
386 401 432 432 fol.
447 403 561 433 11¹—13,
581 401 635 427 Hb
651 402 693 434 sol.
709 405 829 428 ‹so—80¹.
1300 376 1362 406 796
1383 379 1453 414 post
1475 387 1512 407 Μ’
1538 376 1675 408 Esaiam*

210 443 281 469 Edd.
304 443 396 476 F166,
416 443 484 470 J65.
504 459 536 463 —
556 444 648 478 Miyne
667 446 712 471 col.
727 449 783 471 229.

325 507 405 531 VIRO
424 507 583 531 INLUSTRI
603 508 830 532 EARDL'L'LFOa
848 506 945 531 REG1¹
966 505 1160 530 ALCHVINEb
1179 505 1351 530 DIACONUS
1371 506 1540 530 SALUTEM.

211 556 335 588 Memor
364 559 517 599 antiquae
542 558 627 589 inter
650 569 709 589 nos
735 557 904 588 condictae
929 557 1108 594 amicitiae,
1140 557 1236 587 etiam
1269 560 1301 586 et
1326 557 1532 587 venerandae
1558 557 1761 588 salutationis

105 611 233 639 vestrae
259 608 352 640 valde
378 610 598 650 congaudens.
624 611 736 651 paucis
762 609 942 640 litterarum
967 609 1117 650 apicibus
1145 612 1286 638 vestram
1308 607 1506 639 laudabilem
1526 620 1696 650 personam
1723 609 1761 639 de

104 660 320 701 prosperitate
347 662 436 701 regni
461 661 519 692 tibi
545 672 563 692 a
588 661 658 692 Deo
684 662 802 692 conlati
835 667 867 692 et
899 661 938 692 de
964 661 1068 691 salute
1094 660 1220 690 animae
1254 666 1329 690 tuac
1355 671 1541 691 ammonere
1572 662 1696 692 curavi.
1730 665 1762 692 et

104 719 166 751 quo
192 712 286 743 modo
312 713 438 743 stabilis
463 713 520 744 tibi
546 713 703 744 traditusc
728 713 828 744 honor
852 713 922 744 Deo
948 712 1089 743 donante
1114 717 1315 753 permaneat.

211 764 282 795 Scis
308 765 446 806 optime.
481 765 519 795 de
545 765 659 805 quibus
689 770 720 796 te
745 765 854 795 divina
878 764 1100 795 misericordia
1124 764 1275 794 liberavit
1299 764 1451 805 periculis
1483 768 1515 794 ct
1547 774 1641 805 quam
1666 764 1762 795 facile

103 819 144 852 te,
169 814 244 846 dum
269 816 402 847 voluitd.
427 817 578 858 provexit
600 817 631 847 in
657 827 803 857 regnum.
850 816 930 847 Esto
956 827 1086 858 semper
1110 826 1232 846 memor
1262 818 1294 846 et
1318 819 1520 856 gratustam
1547 817 1760 847 maximorum

101 867 134 897 in
159 871 190 898 te
215 867 277 898 Dei
301 867 475 904 donornn1;
501 869 532 899 in
559 879 596 900 eo
621 870 772 906 maxime.¹
798 873 842 905 ut,
869 874 1023 910 quantum
1049 868 1241 909 intellegere
1267 868 1387 900 valcas.
1415 868 1502 898 illius
1528 869 1558 898 in
1579 874 1646 899 toto
1666 870 1762 900 corde

101 917 203 950 facias
228 919 425 951 voluntatem
458 924 489 951 et
523 921 566 950 sis
599 920 776 951 oboediens
802 921 904 951 servis
930 920 1006 951 Dei.
1041 921 1093 961 qui
1124 923 1156 950 te
1187 919 1226 950 de
1252 919 1412 950 mandatis
1448 920 1516 950 eius
1543 926 1762 951 ammoneant.

102 970 190 1002 Scito
214 972 410 1007 certissime,
445 972 527 1013 quod
554 973 660 1002 nullus
686 974 768 1003 alius
792 977 881 1003 tuam
906 974 1005 1003 vitam
1032 982 1224 1003 conservam¹
1250 976 1358 1013 potest
1383 972 1443 1002 nisi
1474 972 1543 1007 ille,
1577 973 1630 1013 qui
1661 980 1691 1003 te
1722 973 1762 1004 de

103 1027 227 1054 morte⁴³
252 1023 402 1054 liberavit
418 1023 624 1065 praesenti²‚
649 1035 707 1055 nec
732 1025 793 1055 isto
812 1030 986 1067 protegere
1012 1030 1043 1055 et
1061 1024 1223 1055 custodire
1242 1024 1361 1054 honore
1382 1024 1442 1054 nisi
1461 1023 1523 1055 ille.
1549 1025 1602 1064 qui
1621 1025 1762 1065 gratuita

100 1075 224 1116 pietate
249 1076 344 1106 istam
370 1076 428 1107 tibi
455 1077 618 1108 concessit
641 1077 846 1117 dignitatem.
887 1077 990 1108 Serva
1015 1077 1188 1117 diligenter
1213 1077 1244 1106 in
1269 1076 1376 1106 animo
1408 1074 1481 1106 tuos
1503 1076 1759 1107 misericordiam

101 1131 134 1158 et
156 1127 331 1159 iustitiam:
358 1128 443 1169 quia.
468 1127 642 1160 Salomone
667 1129 795 1160 dicente
821 1140 857 1160 ac
883 1129 986 1170 magis
1005 1128 1076 1159 Deo
1094 1127 1304 1159 concedente.
1332 1127 1553 1158 misericordia
1580 1132 1612 1158 et
1637 1129 1761 1158 iustitia

101 1178 282 1210 firmabitur
305 1179 420 1210 solium
446 1181 548 1221 regni.

206 1231 386 1262 Considera
410 1232 642 1267 intentissime,
667 1242 723 1273 pro
748 1232 865 1273 quibus
890 1232 1034 1273 peccatis
1052 1236 1281 1262 antecessores
1306 1231 1352 1261 tui
1370 1231 1468 1261 vitam
1494 1230 1712 1272 perdidissent
1730 1235 1762 1261 et

103 1293 247 1325 regnum.
287 1283 328 1314 Et
353 1284 540 1314 cautissime
564 1283 711 1315 observa,
738 1295 776 1314 ne
802 1284 879 1314 talia
903 1294 997 1324 agas:
1023 1294 1062 1314 ne
1088 1284 1152 1314 tale
1178 1284 1237 1314 tibi
1255 1285 1384 1314 eveniat
1406 1283 1571 1314 iudicium,
1613 1284 1760 1314 Aliorum

99 1335 241 1377 periuria
265 1334 356 1366 Deus
383 1335 562 1366 damnavit:
589 1335 725 1366 aliorum
744 1335 903 1366 adulteria
931 1336 1072 1377 punivit:
1099 1336 1236 1366 aliorum
1263 1336 1432 1365 avaritiam
1459 1341 1491 1365 et
1509 1335 1639 1365 fraudes
1660 1335 1761 1365 vindi>

99 1387 198 1419 cavit:
223 1387 360 1418 aliorum
384 1387 562 1418 iniustitiae
587 1398 650 1418 non
675 1387 867 1429 placuerunt
892 1388 947 1418 illi.
995 1387 1068 1427 Non
1094 1392 1143 1418 est
1167 1397 1379 1429 personarum
1403 1393 1556 1428 acceptor
1574 1386 1679 1417 Deus:
1705 1386 1761 1417 sed

98 1440 152 1481 qui
177 1439 255 1470 talia
279 1444 390 1480 agunt,
414 1450 550 1481 regnum
567 1439 627 1471 Dei
657 1451 722 1471 non
747 1439 971 1481 possidebunt.
1012 1439 1112 1470 Erudi
1138 1444 1169 1470 te
1188 1440 1296 1481 ipsum
1323 1439 1424 1480 primo
1451 1439 1482 1468 in
1509 1440 1594 1469 omni
1614 1439 1760 1469 bonitate

99 1495 132 1523 et
156 1491 347 1527 sobrietate;
379 1496 493 1533 postea
517 1496 659 1533 gentem,
685 1492 736 1522 cui
761 1502 916 1533 praeesse
942 1491 1070 1525 videris,
1095 1492 1126 1522 in
1152 1492 1239 1522 omni
1263 1491 1421 1522 modestia
1445 1491 1530 1521 vitae
1555 1495 1587 1521 et
1613 1491 1761 1524 vestitus,

100 1543 133 1574 in
166 1543 253 1574 omni
278 1544 416 1574 veritate
447 1543 521 1574 fidei
552 1547 585 1574 et
621 1543 826 1580 iudiciorum.v
864 1543 895 1573 in
924 1543 1149 1574 observatione
1174 1543 1401 1574 mandatorum
1425 1542 1487 1573 Dei
1521 1546 1553 1573 et
1589 1542 1760 1574 honestate

98 1606 235 1627 morum.
274 1595 328 1626 Sic
352 1595 461 1636 itaque
487 1598 518 1626 et
543 1606 678 1636 regnum
704 1596 760 1626 tibi
784 1595 928 1626 firmabis
954 1598 986 1626 et
1009 1600 1142 1636 gentem
1168 1595 1312 1626 salvabis
1338 1600 1370 1625 et
1394 1595 1434 1626 ab
1459 1595 1506 1625 ira
1523 1594 1585 1625 Dei
1603 1594 1759 1626 liberabis

97 1647 197 1686 illam,
223 1657 306 1688 quae
331 1647 427 1678 certis
451 1648 550 1688 signis
575 1647 631 1678 diu
655 1647 835 1678 inminebat
859 1647 926 1679 illi„

201 1699 387 1740 Numquam
411 1703 522 1730 tantus
553 1699 711 1730 nobilium
749 1702 781 1730 et
806 1702 968 1730 rectorum
1001 1699 1155 1740 sanguisg
1180 1697 1424 1729 effundereturh
1459 1698 1490 1728 in
1527 1707 1580 1735 ea,
1617 1708 1677 1729 nec
1715 1698 1761 1729 sic

96 1751 167 1783 loca
192 1755 304 1782 saneta
328 1752 446 1792 pagani
471 1750 694 1789 devastarent,
719 1755 752 1782 et
775 1754 865 1781 tanta
891 1751 1050 1781 iniustitia
1075 1754 1107 1792 et
1131 1751 1318 1792 arrogantia
1342 1750 1467 1781 valeret
1491 1750 1522 1780 in
1540 1750 1673 1791 populo.¹
1699 1750 1759 1780 nisi

99 1803 273 1845 perspicua
297 1802 360 1834 Dei
385 1802 528 1834 vindicta
551 1803 724 1835 inmineret
748 1802 988 1834 habitatoribus
1014 1806 1132 1834 terrae.
1178 1802 1227 1833 Tu
1251 1812 1348 1839 vero,
1380 1801 1420 1832 ad
1444 1801 1579 1833 meliora
1604 1806 1639 1832 ut
1664 1801 1759 1832 credo

97 1859 245 1887 servatus
279 1858 429 1897 tempora
465 1859 497 1886 et
535 1854 574 1885 ad
607 1855 841 1889 correctionem
875 1854 1054 1886 custoditus
1084 1855 1225 1896 patr-iae,
1261 1854 1324 1885 Dei
1360 1854 1409 1887 tei
1437 1853 1617 1885 auxiliante
1643 1854 1758 1895 gratia.

97 1917 233 1949 operare
258 1907 345 1938 omni
368 1907 550 1938 intentione
576 1907 607 1937 in
625 1907 687 1938 Dei
712 1907 881 1938 voluntate
900 1898 1036 1937 salutem
1056 1908 1184 1938 animae
1209 1910 1285 1937 tuae
1311 1910 1343 1937 et
1364 1907 1614 1948 prosperitatem
1631 1906 1756 1947 patriae

96 1963 128 1990 et
151 1960 264 2001 populi
297 1959 354 1990 tibi
380 1959 560 1992 commissi:
595 1964 756 2000 quatenus
789 1970 830 1990 ex
854 1960 1055 1990 correctione
1080 1959 1301 1990 subiectorum
1327 1958 1447 1988 dicioni
1479 1962 1553 1988 tuae
1590 1957 1646 1988 tibi
1677 1958 1756 1989 tuis-

96 2021 158 2053 que
188 2011 362 2053 nepotibus
392 2021 550 2053 praesens
580 2011 718 2042 feliciter
748 2011 895 2042 firmetur
923 2022 1060 2052 regnum
1092 2014 1123 2042 et
1154 2011 1252 2041 futuri
1285 2010 1377 2051 regni
1411 2009 1516 2051 gloria
1550 2009 1759 2040 aeternaliter

99 2062 304 2094 concedatur.

199 2113 293 2145 Haec
319 2115 454 2145 cartula.
481 2114 628 2149 obsecro,
654 2114 821 2145 vobiscum
846 2118 995 2146 servetur
1019 2118 1051 2145 et
1069 2115 1199 2156 saepius
1218 2114 1346 2155 legatur
1371 2113 1411 2144 ob
1431 2114 1618 2144 memoriam
1639 2113 1754 2144 salutis

95 2167 226 2196 vestrae
252 2168 285 2196 et
309 2165 492 2196 dilectionis
518 2169 665 2199 nostrae:
689 2170 724 2196 ut
749 2166 840 2197 Deus
866 2167 1070 2208 omnipotens
1096 2167 1127 2196 in
1152 2165 1301 2207 profectu
1327 2169 1459 2197 sanctae
1479 2176 1557 2196 suae
1574 2165 1755 2196 aecclesiae

95 2215 137 2247 ad
160 2217 412 2259 prosperitatem
443 2222 574 2249 nostrae
609 2218 716 2259 gentis
745 2217 799 2250 tek
828 2219 930 2249 multo
964 2222 1109 2260 tempore
1146 2218 1178 2248 in
1207 2228 1307 2259 regno
1339 2218 1509 2249 florentem
1546 2221 1577 2248 et
1613 2218 1644 2248 in
1669 2218 1755 2248 omni

94 2267 178 2299 bono
196 2268 418 2311 proficientem
439 2280 632 2301 conservare
657 2269 818 2311 dignetur.
849 2269 946 2300 Vive¹
973 2276 1004 2301 et
1022 2270 1094 2301 vale
1112 2269 1183 2300 Deo
1202 2269 1343 2300 donante
1363 2270 1393 2300 in
1411 2270 1518 2300 secula
1539 2270 1748 2311 sempiterna.

200 2487 224 2519 ³)
244 2487 352 2511 Ardulfo
370 2486 430 2510 Hb.
535 2485 560 2517 b)
581 2487 726 2511 Alchuinus
745 2487 804 2511 Hb.
912 2487 933 2518 c)
956 2487 1064 2512 traditur
1087 2483 1146 2510 Hb.
1247 2484 1272 2517 d)
1296 2486 1366 2510 volat
1388 2485 1447 2509 Hb.
1537 2487 1560 2516 Θ)
1585 2486 1672 2509 mortis
1695 2484 1755 2510 Hb.

93 2528 113 2561 f)
136 2530 248 2562 sequitur
267 2530 293 2554 ίη
313 2529 364 2553 Ha
383 2534 407 2554 et
426 2538 512 2563 reguo7
532 2530 577 2554 sed
595 2530 703 2555 deletum
723 2530 792 2555 linea
810 2530 949 2559 subducam
976 2530 1003 2554 vin
1027 2529 1079 2553 Hb
1098 2530 1225 2560 sequitur.-
1252 2533 1277 2553 ει
1296 2537 1383 2560 regno.
1500 2529 1525 2557 Β)
1549 2529 1675 2561 sanguiris
1696 2527 1755 2552 Ha.

92 2571 119 2605 l¹)
139 2573 295 2598 effuderetur
314 2572 373 2598 Ηα.
461 2572 478 2603 i)
493 2577 517 2597 te
536 2582 638 2597 erasum
657 2578 691 2598 cst
710 2574 736 2598 in
757 2573 813 2598 Hb.
902 2572 928 2605 k)
941 2574 1025 2606 gentis
1045 2577 1069 2598 te
1090 2572 1192 2597 addidit
1210 2571 1234 2595 J.
1319 2570 1335 2601 ¹)
1353 2571 1606 2602 Vive—sempiterna
1631 2580 1677 2595 0771.
1699 2571 1755 2596 Hb.

198 2633 223 2666 1)
250 2632 306 2665 reqi
332 2631 629 2658 Nm‘thardmmbrorum
653 2632 694 2658 die
722 2636 760 2658 136.
782 2633 850 2658 Μαί.
875 2636 925 2658 796.
956 2635 1114 2658 consecrato,
1155 2631 1181 2656 V.
1203 2630 1276 2662 infra
1302 2634 1390 2662 p.1.36
1411 2639 1434 2654 n.
1452 2634 1469 2655 1.
1562 2629 1588 2662 2)
1609 2638 1682 2655 anno
1702 2633 1755 2656 791.

93 2674 210 2701 Simeon.
229 2675 352 2701 Dzmelm.
375 2679 423 2701 790
442 2675 479 2708 (p.
493 2677 549 2708 5·.›):
572 2675 655 2701 Cuius
675 2675 838 2708 (Ethelrccli)
857 2684 930 2701 anno
951 2675 1070 2701 secundo
1092 2674 1209 2700 Eardulf
1226 2673 1281 2698 dux
1301 2676 1397 2706 captus
1417 2674 1457 2697 est
1478 2674 1505 2697 et
1525 2671 1560 2697 ad
1580 2672 1675 2706 Ripun
1695 2681 1754 2706 per-

93 2717 205 2749 ductus,
224 2717 319 2751 ibique
339 2717 425 2743 occidi
446 2718 535 2744 iussus
555 2719 633 2744 extra
652 2720 760 2751 portam
775 2718 936 2744 monasterii
957 2727 971 2743 a
989 2726 1053 2751 rege
1068 2718 1202 2751 praelato.
1234 2716 1316 2741 (luins
1336 2724 1434 2749 corpus
1456 2716 1553 2741 fratres
1573 2724 1634 2741 cum
1651 2716 1755 2749 Grego-

93 2761 180 2787 rianis
199 2760 379 2787 concentibus
407 2761 442 2786 ad
467 2761 610 2787 ecelesiam
637 2763 781 2794 portantes
805 2763 833 2787 et
857 2761 885 2787 in
909 2761 1031 2787 tentorio
1055 2761 1121 2787 foris
1146 2761 1294 2794 ponentes,
1323 2758 1523 2800 postmmliaun
1544 2760 1652 2785 noctem
1675 2759 1754 2785 vivus

95 2806 137 2830 est
155 2803 185 2830 in
203 2803 320 2830 ecclesia
340 2804 479 2830 inventus.
498 2804 523 2830 J.

1497 2850 1546 2876 20·

1776 277 1836 305 796

1827 320 1876 344 post

1795 349 1822 363 m.
1838 344 1927 364 Maium.

1773 1132 1804 1152 Cf.
1822 1131 1926 1156 Prun‘ffi,

1800 1161 1836 1181 12;
1852 1162 1884 1183 25,
1900 1161 1919 1178 5.

1773 1400 1822 1419 Act.
1837 1402 1867 1423 10,
1883 1401 1914 1421 34.
