2089 3171
321 144 360 172 24
929 137 1079 163 ALCVINI
1100 136 1305 163 EPISTOLAE.
1333 138 1357 163 3.

238 228 298 258 786
321 228 493 268 eligantur,
518 229 549 256 et
574 235 637 255 non
661 223 700 254 de
726 223 886 254 adulterio
912 223 962 254 vel
988 224 1134 254 iucaestu
1158 224 1335 265 procreati:
1362 224 1435 264 quia
1460 223 1542 254 sicut
1565 222 1683 253 nostris
1705 221 1904 263 temporibus
1929 220 1969 251 ad

321 279 535 310 sacerdotium
561 275 736 307 secundum
762 285 902 305 canones
927 275 1054 306 adulter
1079 276 1249 316 pervenire
1274 286 1336 306 non
1362 279 1485 317 potest,
1511 275 1555 305 sic
1580 285 1639 304 nec
1671 273 1809 304 christus
1838 272 1969 303 Domini

322 341 393 361 esse
419 330 519 366 valet,
550 332 582 359 et
613 338 671 358 rex
700 327 796 357 totius
821 327 928 368 regni.
954 330 985 357 et
1009 326 1104 357 heres
1129 327 1246 368 patrie,
1277 328 1329 368 qui
1359 338 1401 357 ex
1426 327 1570 368 legitimo
1595 337 1658 356 non
1688 325 1786 356 fuerit
1811 324 1969 355 connubio

178 385 506 423 1›n11.4v22-generatus,
531 381 658 411 dicente
682 379 857 421 propheta:
883 379 1029 418 ‘Scitote,
1054 379 1129 420 quia
1146 378 1304 409 Dominus
1329 378 1511 410 dominator
1536 381 1584 408 est
1608 378 1640 407 in
1666 387 1766 418 regno
1792 376 1968 413 hominum,

322 438 354 465 et
378 434 478 475 ipsius
504 436 554 463 est
578 442 727 473 regnum:
754 435 785 462 et
810 431 990 473 cuicunque
1016 431 1164 469 voluerit,
1189 431 1278 462 dabit
1302 430 1400 462 illud'.
1447 430 1526 461 Ideo
1553 440 1664 460 omnes
1689 428 1887 470 generaliter
1910 428 1967 458 ad-

320 486 519 521 monuimus,
550 488 584 515 ut
609 494 751 514 consona
774 494 854 514 voce
880 487 911 514 et
936 483 1033 514 eorde
1058 483 1232 514 Dominum
1257 486 1385 524 rogent,
1409 486 1445 513 ut
1469 483 1522 524 qui
1549 482 1638 523 eligit
1663 491 1736 511 eum
1767 481 1799 511 in
1824 490 1970 521 regnum,

320 539 389 579 ipse
419 538 446 567 ei
471 536 592 568 tribuat
616 536 761 577 regimen
786 535 979 576 disciplinae
1004 538 1134 566 sanctae
1161 546 1254 572 suae,
1280 534 1319 565 ad
1345 534 1519 575 regendam
1544 533 1674 575 plebem
1700 543 1802 563 suam.
1857 531 1972 562 Honor

157 600 448 631 1.i·‹·‹1-.2,17.quoque
474 589 521 619 eis
547 588 587 619 ab
614 587 761 618 omnibus
795 587 1011 629 impendatur,
1044 587 1171 618 dicente
1203 586 1366 628 apostolo:
1392 586 1527 627 ‘Regem
1559 583 1791 623 honorificate',
1817 587 1849 615 et
1880 583 1972 615 alibi:

156 642 407 674 1.Petr.⁴.¹‚13.⁴SlVO
433 641 501 681 regi
527 640 618 681 quasi
643 639 865 681 praecellenti,
892 639 958 669 sive
984 639 1120 669 ducibus
1145 642 1298 679 tanquam
1325 638 1365 668 ab
1391 648 1428 668 eo
1453 637 1575 671 missis,
1606 636 1645 667 ad
1670 636 1845 667 vindictam
1870 636 1970 666 male-

156 707 307 729 muriam.
320 694 488 729 factorum,
514 691 643 722 laudem
668 701 745 722 vero
771 689 948 721 bonorum'.
995 690 1078 721 Item
1104 690 1285 731 apostolus:
1316 689 1440 720 ‘Omnis
1470 689 1577 719 anima
1607 688 1848 719 sublimioribus
1877 690 1968 729 pote-

321 745 459 776 statibus
483 743 612 775 subdita
637 744 687 781 sit,
712 743 787 784 quia
811 753 874 772 non
899 746 949 773 est
973 745 1119 783 potestas
1145 741 1221 772 data
1245 741 1306 772 nisi
1331 752 1349 772 a
1366 740 1446 771 Deo.
1495 741 1588 777 Quae
1614 744 1722 771 autem
1747 751 1766 770 a
1790 739 1859 770 Deo
1886 742 1972 777 sunt,

320 797 467 828 ordinata
485 799 568 827 sunt.
609 796 713 837 Igitur
737 795 789 836 qui
815 795 936 825 resistit
961 794 1126 836 potestati,
1144 794 1206 824 Dei
1224 793 1418 824 ordinationi
1444 793 1579 824 resistit:
1605 792 1659 833 qui
1677 795 1784 822 autem
1805 791 1972 829 resistunt,

169 859 227 880 iam-i.
240 861 307 884 imo.
320 850 381 891 ipsi
399 849 460 880 sibi
479 848 717 879 damnationem
737 845 928 888 acquirunt'.
975 846 1092 876 Nullus
1116 846 1185 886 regi
1211 845 1371 883 detrahat,
1396 845 1524 875 dicente
1550 844 1739 875 Salomone:
1766 843 1813 874 ‘In
1838 853 1892 874 ore
1916 845 1972 873 tuo

320 913 359 932 ne
392 900 575 932 detraxeris
608 899 691 940 regi,
720 902 753 929 et
783 899 814 929 in
843 898 939 928 corde
970 901 1025 928 tuo
1056 908 1096 928 ne
1121 897 1331 928 maledixeris
1356 896 1508 938 principi,
1539 896 1614 937 quia
1638 906 1714 926 aves
1739 895 1818 926 caeli
1844 897 1973 937 portant

319 953 409 990 illud,
434 956 467 984 et
492 953 544 994 qui
570 951 670 982 habet
694 961 818 992 pennas
844 949 1054 980 annunciabit
1078 947 1234 980 verbum’.
1283 948 1320 979 In
1351 959 1465 979 necem
1494 948 1580 989 regis
1611 957 1705 978 nemo
1731 946 1969 978 communicare

320 1005 454 1043 audeat,
479 1004 555 1045 quia
579 1003 718 1034 christus
742 1002 874 1033 Domini
900 1005 963 1033 est:
995 1005 1027 1033 et
1059 1002 1085 1032 si
1113 1001 1183 1042 quis
1214 1001 1270 1031 tali
1296 1000 1411 1031 sceleri
1435 999 1639 1037 adhaeserit,
1666 999 1691 1030 si
1716 999 1887 1041 episcopus
1913 1001 1972 1037 est,

319 1061 375 1089 aut
405 1057 489 1088 ullus
519 1066 561 1086 ex
597 1054 790 1086 sacerdotali
821 1054 941 1094 gradu,
967 1064 1008 1084 ex
1033 1054 1102 1095 ipso
1127 1052 1335 1087 detrudatur,
1365 1056 1398 1083 et
1422 1063 1440 1083 a
1464 1055 1576 1083 sancta
1600 1051 1780 1082 hereditate
1805 1050 1971 1089 deiciatur,

190 1118 246 1138 mi,
262 1121 307 1139 581.
320 1110 404 1140 sieut
420 1108 542 1139 Iudas*
567 1107 607 1138 ab
626 1107 804 1148 apostolico
821 1105 923 1146 gradu
949 1106 1074 1137 eiectus
1092 1108 1159 1136 est:
1186 1108 1218 1135 et
1235 1105 1339 1135 omnis
1359 1105 1502 1146 quisquis
1520 1104 1577 1135 tali
1595 1103 1767 1143 sacrilegio
1785 1103 1973 1141 assenserit,

320 1165 453 1192 aeterno
477 1159 693 1190 anathematis
719 1158 847 1189 vinculo
874 1157 1033 1195 interibit,
1064 1160 1096 1188 et
1125 1157 1225 1187 Iudae
1251 1156 1399 1187 traditori
1424 1156 1583 1189 sociatus,
1616 1155 1823 1197 sempiternis
1849 1165 1973 1186 crema-

171 1222 230 1242 unm.
248 1224 308 1245 1,.12.
321 1213 406 1244 bitur
430 1211 599 1249 incendiis,
626 1215 660 1242 ut
687 1211 841 1251 scriptum
868 1213 931 1241 est:
958 1209 1043 1240 ‘Non
1061 1209 1162 1240 solum
1182 1209 1235 1250 qui
1253 1209 1385 1247 faciunt,
1405 1207 1461 1238 sed
1479 1208 1582 1249 etqui
1601 1207 1805 1238 consentiunt
1822 1206 1971 1238 facienti·
2000 1220 2011 1238 ι)

155 1265 397 1301 Esthur2,23‚bus,
431 1264 585 1295 iudicium
615 1263 677 1293 Dei
710 1273 773 1293 non
805 1261 984 1303 effugiunt⁷.
1033 1261 1106 1292 Duo
1131 1270 1271 1302 namque
1297 1260 1437 1291 eunuchi
1461 1259 1623 1290 Asueruni
1654 1269 1766 1300 regem
1792 1258 1973 1290 interficere

322 1317 505 1358 cupientes,
537 1316 567 1346 in
596 1314 777 1357 patibulum
809 1314 959 1355 suspensi
985 1317 1069 1345 sunt.
1115 1312 1391 1349 Animadvertite,
1425 1311 1500 1352 quid
1531 1311 1642 1342 fecerit
1667 1310 1772 1341 David
1797 1310 1973 1352 praefecto,

322 1379 393 1399 cum
419 1368 447 1398 ei
471 1367 630 1398 Dominus
661 1366 793 1397 dixerit:
826 1365 896 1407 Ego
929 1365 1055 1396 tradam
1080 1365 1157 1396 Saul
1190 1365 1220 1395 in
1245 1375 1360 1395 manus
1385 1367 1474 1401 tuas,
1507 1363 1582 1394 dum
1612 1364 1736 1394 invenit
1760 1363 1973 1394 dormientem

156 1415 355 1464 ¹³³}{22143-5'2et
379 1421 529 1451 hortatus
554 1430 573 1449 a
598 1419 710 1455 milite,
735 1422 770 1448 ut
795 1417 956 1449 occideret
981 1428 1065 1451 eum,
1091 1417 1186 1447 dixit:
1212 1417 1319 1447 ‘Absit
1344 1428 1362 1447 a
1387 1427 1438 1447 me
1463 1416 1522 1447 hoc
1540 1419 1721 1457 peccatum,
1745 1418 1780 1446 ut
1799 1414 1974 1446 extendam

154 1481 452 1505 2·1³*¹g-1,15.nianllm
478 1482 583 1502 meam
608 1471 638 1501 in
664 1470 820 1500 christum
838 1469 990 1501 Doniini’.
1036 1469 1132 1500 Illum
1151 1472 1258 1500 autem
1283 1469 1429 1503 militem.
1456 1469 1510 1510 qui
1534 1471 1607 1510 post
1630 1471 1768 1499 mortem
1793 1468 1861 1498 eius
1885 1467 1974 1498 venit

172 1533 229 1553 oon.
247 1536 307 1557 1⁵‚6·
321 1525 361 1556 ad
388 1535 472 1560 eum,
498 1527 682 1565 protestans
711 1522 797 1564 quod
822 1522 891 1564 ipse
917 1522 1074 1553 occiderit
1100 1522 1195 1555 Saul,
1226 1522 1332 1562 capite
1365 1521 1542 1552 truncavit:
1575 1523 1607 1551 et
1637 1523 1822 1561 reputatum
1854 1522 1904 1551 est
1928 1519 1975 1550 illi

321 1577 361 1608 ad
386 1576 560 1613 iusticiam,
587 1578 619 1606 et
643 1575 759 1606 semini
784 1575 854 1605 eius
879 1578 954 1616 post
979 1585 1062 1605 eum.
1110 1573 1280 1615 Exemplis
1310 1584 1449 1615 namque
1479 1572 1565 1615 apud
1590 1583 1646 1603 vos
1679 1582 1777 1614 saepe
1801 1572 1975 1614 probatum

322 1633 382 1664 est,
407 1628 491 1670 quod
518 1628 701 1669 quicunque
724 1626 958 1658 internecionis
984 1626 1187 1656 dominorum
1213 1636 1311 1656 causa
1336 1626 1438 1664 fuere,
1464 1625 1495 1656 in
1522 1625 1632 1667 spacio
1650 1625 1750 1655 vitam
1768 1624 1919 1655 finierunt
1943 1626 1976 1655 et

320 1685 459 1722 utroque
483 1681 553 1711 iure
579 1682 761 1710 caruerunt.

424 1732 517 1764 XIII.
543 1731 681 1763 Decima
706 1731 801 1762 tertia
826 1730 1003 1761 admonitio
1029 1730 1099 1767 fuit,
1125 1733 1160 1760 ut
1184 1732 1335 1771 potentes
1361 1732 1393 1760 et
1416 1729 1533 1760 divites
1568 1729 1652 1760 iusta
1676 1728 1795 1759 iudicia
1819 1730 1973 1765 statuant,

323 1796 382 1816 nee
409 1795 580 1826 personam
606 1783 713 1814 divitis
739 1783 912 1825 accipiant,
939 1793 997 1813 nce.
1022 1793 1183 1824 pauperes
1209 1785 1436 1813 contemnant.
1468 1792 1574 1823 neque
1600 1792 1618 1811 a
1642 1780 1835 1811 rectitudine
1860 1780 1975 1811 iudici-

323 1848 414 1868 orum
439 1837 580 1873 devient,
605 1847 665 1867 nec
690 1846 825 1866 munera
850 1845 948 1876 super
972 1835 1162 1865 innocentes
1182 1834 1353 1875 accipiant,
1372 1833 1429 1864 sed
1447 1834 1479 1863 in
1498 1834 1635 1864 veritate
1654 1837 1685 1863 et
1703 1832 1830 1863 iusticia
1847 1831 1975 1863 dicente

166 1887 310 1935 ,ἱξωῗυ
323 1890 495 1932 propheta:
528 1889 627 1919 ‘Iuste
658 1888 815 1925 iudicate,
845 1887 900 1918 filii
927 1885 1116 1918 hominum'.
1164 1886 1245 1917 Item
1270 1886 1361 1917 alibi:
1395 1885 1477 1916 *Non
1507 1886 1608 1917 facies
1638 1885 1722 1927 quod
1747 1885 1890 1926 iniquum
1915 1888 1975 1924 est,

254 1942 283 1959 ¹⁶·
322 1953 382 1973 nec
413 1941 529 1972 iniuste
562 1940 735 1972 iudicabis:
772 1950 835 1970 non
873 1939 975 1970 stabis
1012 1942 1122 1969 contra
1154 1939 1345 1979 sanguinem
1381 1939 1520 1980 proximi
1553 1937 1621 1969 tui'.
1668 1937 1752 1968 Item
1777 1938 1822 1968 ait
1846 1936 1975 1968 Esaias:

156 1994 465 2031 xsz==.1.1÷.1s.⁶Qu‹2rite
491 1992 656 2031 iudicium,
684 1992 854 2023 subvenite
879 2002 1044 2033 oppresso,
1070 1991 1211 2022 iudicate
1236 1991 1370 2032 pupillo,
1396 1990 1560 2022 defendite
1585 1989 1725 2024 viduam,
1751 1992 1783 2021 et
1806 1990 1915 2020 venite
1940 1994 1972 2020 et

322 2046 449 2087 arguite
475 2056 536 2081 nie,
562 2045 639 2075 dieit
664 2044 833 2074 Dominus.
883 2043 916 2073 Si
942 2043 1062 2074 fuerint
1086 2047 1221 2084 peccata
1247 2048 1355 2074 vestra
1379 2046 1413 2073 111
1438 2043 1614 2078 coccinum,
1641 2042 1732 2083 quasi
1759 2042 1814 2072 nix
1837 2041 1973 2072 dealba-

157 2104 271 2125 rat-‘vas
290 2098 456 2129 sbuntur:
495 2097 521 2127 si
558 2097 677 2127 fuerint
709 2096 804 2126 rubra
843 2096 932 2137 quasi
965 2096 1178 2128 vermiculus,
1208 2099 1242 2126 ut
1272 2096 1345 2126 lana
1375 2096 1448 2126 alba
1475 2094 1589 2126 erunt'.
1639 2095 1721 2125 Item
1746 2094 1838 2125 alibi:
1865 2093 1974 2125 ‘Solve

321 2160 449 2180 omnem
475 2148 593 2179 nodum
620 2148 812 2189 iniquitatis.
839 2148 928 2178 solve
954 2148 1127 2178 fasciculos
1146 2147 1382 2189 deprimentes:
1409 2147 1535 2178 dimitte
1553 2158 1619 2179 eos,
1645 2147 1697 2188 qui
1717 2146 1872 2177 confracti
1891 2150 1975 2183 sunt,

322 2203 459 2239 liberos,
485 2205 517 2232 et
541 2211 636 2231 omne
661 2211 741 2231 onus
766 2199 953 2241 disrumpe'.
1003 2199 1103 2230 ‘Tune
1129 2204 1277 2240 erumpet
1302 2200 1391 2240 quasi
1416 2210 1510 2230 mane
1543 2199 1649 2229 lumen
1676 2202 1764 2228 tuum
1794 2201 1826 2229 et
1851 2199 1974 2230 sanitas

171 2259 308 2283 natumst.
321 2258 376 2285 tua
407 2254 500 2284 eitius
533 2251 674 2290 orietur',
705 2252 834 2283 dicente
859 2252 998 2282 Domino
1030 2252 1060 2282 in
1092 2251 1279 2291 evangelio:
1306 2251 1353 2281 *ln
1386 2262 1447 2292 quo
1473 2251 1569 2281 etiam
1599 2250 1716 2281 iudicio
1741 2250 1972 2289 iudicaveritis,

321 2305 560 2337 iudicabimini:
585 2315 746 2340 mensura,
772 2315 835 2345 qua
860 2304 962 2335 mensi
988 2303 1127 2341 fueritis,
1154 2304 1307 2334 metietur
1324 2302 1436 2334 vobis'.
1484 2303 1551 2333 Nec
1570 2303 1600 2333 vi
1619 2303 1714 2333 alicui
1733 2303 1869 2344 rapietis
1888 2302 1975 2344 quod

159 2367 413 2390 i1;x‹v‹i.-.›0‚17.suum
440 2360 499 2392 est,
526 2360 560 2387 ut
584 2357 704 2387 (lictum
731 2361 794 2387 est:
821 2356 902 2387 ‘Non
929 2356 1142 2397 concupisces
1168 2366 1233 2386 rom
1261 2355 1398 2397 proximi
1424 2355 1486 2389 tui,
1518 2366 1577 2386 nec
1609 2355 1812 2386 desiderabis
1837 2365 1975 2386 uxorem

323 2411 408 2445 eius,
439 2420 502 2440 non
533 2409 658 2441 villani.
696 2419 761 2439 11011
796 2408 929 2439 bovem.
964 2419 1025 2438 non
1062 2419 1171 2442 ovem,
1198 2419 1259 2438 non
1285 2418 1414 2447 agrum.
1445 2418 1502 2437 nee
1529 2407 1635 2437 onmia
1661 2417 1743 2448 quae
1769 2407 1853 2438 illius
1879 2406 1974 2438 sunt’.

158 2470 199 2489 ica}
224 2472 302 2490 asti
323 2461 486 2503 Propheta
524 2472 662 2502 namque
696 2461 910 2491 comminatur
945 2459 1070 2491 dicens:
1108 2460 1190 2490 ‘Vae
1223 2460 1276 2500 qui
1308 2460 1505 2500 eoniungitis
1537 2459 1666 2489 domum
1699 2459 1738 2490 ad
1770 2458 1918 2498 domum,
1943 2462 1977 2490 et

323 2524 435 2553 agrum
468 2513 507 2544 ad
539 2524 652 2553 agrum
687 2513 864 2554 copulatis,
890 2523 992 2553 usque
1017 2511 1057 2542 ad
1083 2513 1255 2543 terminum
1281 2512 1357 2542 loci:
1388 2511 1532 2552 nunquid
1558 2511 1617 2542 soli
1643 2522 1700 2541 vos
1726 2511 1916 2543 habitabitis
1941 2511 1973 2542 in

324 2566 429 2596 medio
454 2569 580 2596 terrae'!
611 2565 640 2595 in
667 2565 798 2595 auribus
823 2565 903 2595 meis
929 2568 1003 2594 sunt
1029 2564 1095 2601 hee,
1125 2563 1205 2594 dicit
1230 2563 1389 2594 Dominus
1416 2563 1641 2594 exereituuin'.
1689 2563 1831 2594 Rursum
1856 2564 1976 2594 clamat

200 2626 232 2645 rs.
249 2618 480 2659 ι511111011110111
506 2617 633 2647 dicens:
660 2617 796 2658 *Eripite
822 2627 998 2658 pauperem
1024 2620 1056 2646 et
1081 2626 1220 2655 egenum
1246 2615 1285 2646 de
1311 2626 1406 2645 manu
1424 2616 1604 2656 peccatoris
1623 2614 1780 2646 liberate'.
1828 2614 1975 2646 Memen-

159 2672 390 2701 uimii.1›⁴,·;s,‚tote
416 2669 490 2710 1111111
516 2672 687 2702 mereatur,
715 2669 767 2709 qui
794 2667 1064 2699 seandalizaverit
1089 2678 1187 2697 unum
1212 2667 1251 2697 de
1278 2667 1420 2708 pusillis:
1452 2667 1505 2707 qui
1531 2671 1638 2697 autem
1672 2667 1854 2708 susceperit
1876 2676 1975 2697 unum

192 2729 248 2748 ·····i.
265 2721 362 2752 tande,
388 2721 446 2755 his,
473 2721 636 2751 Christum
664 2721 808 2762 suscipit,
834 2731 931 2761 aquo
959 2721 989 2750 in
1016 2719 1134 2750 iudieio
1154 2719 1341 2750 mereamini
1361 2718 1487 2749 audire:
1508 2719 1636 2749 'Venite
1655 2718 1849 2757 benedicti,*
1872 2718 1975 2760 possi-

159 2773 399 2803 ›i.·1‹11.:⁵‚:‡1.[lei·e
424 2776 571 2814 paratiun
598 2773 689 2803 vohis
714 2783 849 2813 regnum
875 2772 914 2803 ab
941 2773 1064 2814 origine
1089 2771 1219 2802 mundi‘.

2000 696 2022 715 10

1999 960 2022 979 15

2001 1478 2025 1497 2⁵

2002 1742 2027 1760 30

2002 2005 2026 2024 35

2001 2266 2027 2285 40

2002 2525 2026 2544 ⁴5

2002 2787 2027 2806 50
